Date,Type,Details,Amount,Units,Realized Equity Change,Realized Equity,Balance,Position ID,Asset type,NWA
25/08/2021 07:12:32,Deposit,200.00 USD CreditCard,200.00 ,-,200.00 ,200.00 ,200.00 ,-,-,0.00 
25/08/2021 07:49:34,Open Position,TRIG/GBX,130.00 ,73.904275,0.00 ,200.00 ,70.00 ,1287187305,Stocks,0.00 
30/08/2021 13:30:04,Open Position,INTC/USD,70.00 ,1.288897,0.00 ,200.00 ,0.00 ,1291793597,Stocks,0.00 
02/12/2021 07:11:51,Dividend,INTC/USD,0.31 ,-,0.31 ,200.31 ,0.31 ,1291793597,Stocks,0.00 
31/12/2021 06:10:51,Dividend,TRIG/GBX,1.69 ,-,1.69 ,202.00 ,2.00 ,1287187305,Stocks,0.00 
23/02/2022 15:44:42,Deposit,95.00 USD CreditCard,95.00 ,-,95.00 ,297.00 ,97.00 ,-,-,0.00 
23/02/2022 15:45:57,Open Position,INTC/USD,45.07 ,1.000000,0.00 ,297.00 ,51.93 ,1504055641,Stocks,0.00 
23/02/2022 15:47:02,Open Position,BRK.B/USD,51.00 ,0.163023,0.00 ,297.00 ,0.93 ,1504057327,Stocks,0.00 
01/03/2022 01:46:06,Dividend,INTC/USD,0.33 ,-,0.33 ,297.33 ,1.26 ,1291793597,Stocks,0.00 
22/03/2022 13:48:15,Position closed,INTC/USD,47.57 ,1.000000,2.50 ,299.83 ,48.83 ,1504055641,Stocks,0.00 
22/03/2022 13:49:22,Open Position,KO/USD,48.00 ,0.790254,0.00 ,299.83 ,0.83 ,1531020940,Stocks,0.00 
28/03/2022 17:51:58,Position closed,KO/USD,48.57 ,0.790254,0.57 ,300.40 ,49.40 ,1531020940,Stocks,0.00 
28/03/2022 17:52:22,Open Position,META/USD,49.00 ,0.221019,0.00 ,300.40 ,0.40 ,1535721738,Stocks,0.00 
31/03/2022 01:44:54,Dividend,TRIG/GBX,1.64 ,-,1.64 ,302.04 ,2.04 ,1287187305,Stocks,0.00 
04/04/2022 13:50:27,Position closed,META/USD,51.12 ,0.221019,2.12 ,304.16 ,53.16 ,1535721738,Stocks,0.00 
04/04/2022 13:51:02,Open Position,KO/USD,53.00 ,0.855253,0.00 ,304.16 ,0.16 ,2148098369,Stocks,0.00 
05/04/2022 13:35:05,Position closed,BRK.B/USD,56.42 ,0.163023,5.42 ,309.58 ,56.58 ,1504057327,Stocks,0.00 
05/04/2022 13:35:11,Position closed,TRIG/GBX,138.35 ,73.904275,8.35 ,317.93 ,194.93 ,1287187305,Stocks,0.00 
05/04/2022 13:35:51,Open Position,BRK.B/USD,100.00 ,0.288935,0.00 ,317.93 ,94.93 ,2149084731,CFD,0.00 
05/04/2022 13:36:31,Open Position,AAPL/USD,50.00 ,0.281960,0.00 ,317.93 ,44.93 ,2149086741,Stocks,0.00 
05/04/2022 13:36:41,Position closed,BRK.B/USD,99.57 ,0.288935,(0.43),317.50 ,144.50 ,2149084731,CFD,0.00 
05/04/2022 13:37:03,Open Position,BRK.B/USD,100.00 ,0.287563,0.00 ,317.50 ,44.50 ,2149089371,Stocks,0.00 
05/04/2022 13:39:02,Open Position,META/USD,44.00 ,0.187673,0.00 ,317.50 ,0.50 ,2149124237,Stocks,0.00 
07/04/2022 18:53:49,Position closed,KO/USD,54.32 ,0.855253,1.32 ,318.82 ,54.82 ,2148098369,Stocks,0.00 
07/04/2022 18:54:51,Open Position,BRK.B/USD,25.00 ,0.072111,0.00 ,318.82 ,29.82 ,2155708547,Stocks,0.00 
07/04/2022 18:56:01,Open Position,AAPL/USD,29.00 ,0.168194,0.00 ,318.82 ,0.82 ,2155709084,Stocks,0.00 
12/05/2022 01:25:12,Dividend,AAPL/USD,0.05 ,-,0.05 ,318.87 ,0.87 ,2149086741,Stocks,0.00 
12/05/2022 01:25:12,Dividend,AAPL/USD,0.03 ,-,0.03 ,318.90 ,0.90 ,2155709084,Stocks,0.00 
13/05/2022 12:26:07,Deposit,300.00 USD CreditCard,300.00 ,-,300.00 ,618.90 ,300.90 ,-,-,0.00 
16/05/2022 14:50:33,Open Position,AAPL/USD,50.00 ,0.344899,0.00 ,618.90 ,250.90 ,2187159742,Stocks,0.00 
16/05/2022 14:50:55,Open Position,T/USD,50.00 ,2.523978,0.00 ,618.90 ,200.90 ,2187160069,Stocks,0.00 
16/05/2022 14:51:14,Open Position,BRK.B/USD,30.00 ,0.097460,0.00 ,618.90 ,170.90 ,2187160446,Stocks,0.00 
16/05/2022 14:51:23,Open Position,INTC/USD,30.00 ,0.698324,0.00 ,618.90 ,140.90 ,2187160781,Stocks,0.00 
16/05/2022 14:54:00,Open Position,KO/USD,65.84 ,1.000000,0.00 ,618.90 ,75.06 ,2187166552,Stocks,0.00 
16/05/2022 16:08:41,Open Position,MSFT/USD,20.00 ,0.076867,0.00 ,618.90 ,55.06 ,2187254609,Stocks,0.00 
17/05/2022 17:36:18,Open Position,UPST/USD,30.00 ,0.682128,0.00 ,618.90 ,25.06 ,2188345230,Stocks,0.00 
26/05/2022 14:37:38,Open Position,UPST/USD,25.00 ,0.589762,0.00 ,618.90 ,0.06 ,2197032688,Stocks,0.00 
01/06/2022 01:49:07,Dividend,INTC/USD,0.33 ,-,0.33 ,619.23 ,0.39 ,1291793597,Stocks,0.00 
06/06/2022 13:50:56,Position closed,MSFT/USD,20.88 ,0.076867,0.88 ,620.11 ,21.27 ,2187254609,Stocks,0.00 
06/06/2022 13:51:06,Position closed,UPST/USD,28.72 ,0.589762,3.72 ,623.83 ,49.99 ,2197032688,Stocks,0.00 
06/06/2022 14:04:07,Open Position,UPST/USD,48.99 ,0.967035,0.00 ,623.83 ,1.00 ,2205600984,Stocks,0.00 
09/06/2022 01:19:42,Dividend,MSFT/USD,0.03 ,-,0.03 ,623.86 ,1.03 ,2187254609,Stocks,0.00 
01/07/2022 01:04:05,Dividend,KO/USD,0.31 ,-,0.31 ,624.17 ,1.34 ,2187166552,Stocks,0.00 
01/08/2022 00:13:08,Dividend,T/USD,0.49 ,-,0.49 ,624.66 ,1.83 ,2187160069,Stocks,0.00 
11/08/2022 00:07:33,Dividend,AAPL/USD,0.05 ,-,0.05 ,624.71 ,1.88 ,2149086741,Stocks,0.00 
11/08/2022 00:07:33,Dividend,AAPL/USD,0.03 ,-,0.03 ,624.74 ,1.91 ,2155709084,Stocks,0.00 
11/08/2022 00:07:33,Dividend,AAPL/USD,0.06 ,-,0.06 ,624.80 ,1.97 ,2187159742,Stocks,0.00 
01/09/2022 00:33:17,Dividend,INTC/USD,0.33 ,-,0.33 ,625.13 ,2.30 ,1291793597,Stocks,0.00 
01/09/2022 00:33:17,Dividend,INTC/USD,0.18 ,-,0.18 ,625.31 ,2.48 ,2187160781,Stocks,0.00 
03/10/2022 00:49:29,Dividend,KO/USD,0.31 ,-,0.31 ,625.62 ,2.79 ,2187166552,Stocks,0.00 
01/11/2022 00:08:01,Dividend,T/USD,0.60 ,-,0.60 ,626.22 ,3.39 ,2187160069,Stocks,0.00 
10/11/2022 00:23:16,Dividend,AAPL/USD,0.06 ,-,0.06 ,626.28 ,3.45 ,2149086741,Stocks,0.00 
10/11/2022 00:23:16,Dividend,AAPL/USD,0.03 ,-,0.03 ,626.31 ,3.48 ,2155709084,Stocks,0.00 
10/11/2022 00:23:16,Dividend,AAPL/USD,0.07 ,-,0.07 ,626.38 ,3.55 ,2187159742,Stocks,0.00 
01/12/2022 00:08:45,Dividend,INTC/USD,0.40 ,-,0.40 ,626.78 ,3.95 ,1291793597,Stocks,0.00 
01/12/2022 00:08:45,Dividend,INTC/USD,0.22 ,-,0.22 ,627.00 ,4.17 ,2187160781,Stocks,0.00 
15/12/2022 00:09:22,Dividend,KO/USD,0.37 ,-,0.37 ,627.37 ,4.54 ,2187166552,Stocks,0.00 
27/12/2022 20:22:37,Deposit,105.00 USD CreditCard,105.00 ,-,105.00 ,732.37 ,109.54 ,-,-,0.00 
29/12/2022 19:20:19,Open Position,T/USD,10.00 ,0.541419,0.00 ,732.37 ,99.54 ,2347008495,Stocks,0.00 
29/12/2022 19:21:07,Open Position,AAPL/USD,27.33 ,0.210000,0.00 ,732.37 ,72.21 ,2347008762,Stocks,0.00 
29/12/2022 19:21:35,Open Position,INTC/USD,26.67 ,1.020000,0.00 ,732.37 ,45.54 ,2347008853,Stocks,0.00 
29/12/2022 19:22:42,Open Position,O/USD,10.00 ,0.156617,0.00 ,732.37 ,35.54 ,2347009110,Stocks,0.00 
29/12/2022 19:22:58,Open Position,GE/USD,10.00 ,0.119474,0.00 ,732.37 ,25.54 ,2347009166,Stocks,0.00 
29/12/2022 19:23:13,Open Position,JPM/USD,10.00 ,0.075279,0.00 ,732.37 ,15.54 ,2347010117,Stocks,0.00 
29/12/2022 19:23:37,Open Position,O/USD,15.54 ,0.243383,0.00 ,732.37 ,0.00 ,2347010508,Stocks,0.00 
29/12/2022 20:59:44,Position closed,O/USD,15.58 ,0.243383,0.04 ,732.41 ,15.58 ,2347010508,Stocks,0.00 
29/12/2022 20:59:46,Position closed,O/USD,10.03 ,0.156617,0.03 ,732.44 ,25.61 ,2347009110,Stocks,0.00 
03/01/2023 14:31:40,Open Position,BRK.B/USD,10.00 ,0.032268,0.00 ,732.44 ,15.61 ,2348183762,Stocks,0.00 
03/01/2023 14:31:54,Open Position,O/USD,10.00 ,0.156691,0.00 ,732.44 ,5.61 ,2348193684,Stocks,0.00 
04/01/2023 11:03:32,Open Position,GEHC/USD,0.00 ,0.039825,0.00 ,732.44 ,5.61 ,2350287677,Stocks,0.00 
31/01/2023 00:07:49,Dividend,JPM/USD,0.06 ,-,0.06 ,732.50 ,5.67 ,2347010117,Stocks,0.00 
01/02/2023 00:12:19,Dividend,T/USD,0.60 ,-,0.60 ,733.10 ,6.27 ,2187160069,Stocks,0.00 
01/02/2023 00:12:19,Dividend,T/USD,0.13 ,-,0.13 ,733.23 ,6.40 ,2347008495,Stocks,0.00 
13/02/2023 14:58:39,Deposit,280.00 USD CreditCard,280.00 ,-,280.00 ,"1,013.23 ",286.40 ,-,-,0.00 
13/02/2023 15:47:41,Open Position,AMZN/USD,20.00 ,0.203252,0.00 ,"1,013.23 ",266.40 ,2385220389,Stocks,0.00 
13/02/2023 20:09:55,Open Position,CVX/USD,10.00 ,0.058459,0.00 ,"1,013.23 ",256.40 ,2385557052,Stocks,0.00 
13/02/2023 20:12:58,Open Position,INTC/USD,16.40 ,0.575439,0.00 ,"1,013.23 ",240.00 ,2385560783,Stocks,0.00 
13/02/2023 20:13:40,Open Position,TSM/USD,10.00 ,0.104221,0.00 ,"1,013.23 ",230.00 ,2385560978,Stocks,0.00 
13/02/2023 20:14:10,Open Position,JPM/USD,10.00 ,0.070230,0.00 ,"1,013.23 ",220.00 ,2385561957,Stocks,0.00 
13/02/2023 20:14:26,Open Position,O/USD,10.00 ,0.149142,0.00 ,"1,013.23 ",210.00 ,2385562140,Stocks,0.00 
13/02/2023 20:14:41,Open Position,BRK.B/USD,10.00 ,0.032046,0.00 ,"1,013.23 ",200.00 ,2385562279,Stocks,0.00 
15/02/2023 00:10:14,Dividend,O/USD,0.03 ,-,0.03 ,"1,013.26 ",200.03 ,2348193684,Stocks,0.00 
16/02/2023 00:17:21,Dividend,AAPL/USD,0.06 ,-,0.06 ,"1,013.32 ",200.09 ,2149086741,Stocks,0.00 
16/02/2023 00:17:21,Dividend,AAPL/USD,0.03 ,-,0.03 ,"1,013.35 ",200.12 ,2155709084,Stocks,0.00 
16/02/2023 00:17:21,Dividend,AAPL/USD,0.07 ,-,0.07 ,"1,013.42 ",200.19 ,2187159742,Stocks,0.00 
16/02/2023 00:17:21,Dividend,AAPL/USD,0.04 ,-,0.04 ,"1,013.46 ",200.23 ,2347008762,Stocks,0.00 
16/02/2023 19:16:45,Open Position,AMZN/USD,10.23 ,0.102505,0.00 ,"1,013.46 ",190.00 ,2388118085,Stocks,0.00 
27/02/2023 16:34:02,Open Position,KO/USD,10.00 ,0.167196,0.00 ,"1,013.46 ",180.00 ,2394114428,Stocks,0.00 
28/02/2023 18:00:23,Open Position,O/USD,10.00 ,0.154536,0.00 ,"1,013.46 ",170.00 ,2394930836,Stocks,0.00 
01/03/2023 00:08:41,Dividend,INTC/USD,0.40 ,-,0.40 ,"1,013.86 ",170.40 ,1291793597,Stocks,0.00 
01/03/2023 00:08:41,Dividend,INTC/USD,0.22 ,-,0.22 ,"1,014.08 ",170.62 ,2187160781,Stocks,0.00 
01/03/2023 00:08:41,Dividend,INTC/USD,0.32 ,-,0.32 ,"1,014.40 ",170.94 ,2347008853,Stocks,0.00 
01/03/2023 08:24:08,Open Position,DBK.DE/EUR,12.49 ,1.000000,0.00 ,"1,014.40 ",158.45 ,2395283345,Stocks,0.00 
01/03/2023 17:41:24,Open Position,O/USD,10.00 ,0.158028,0.00 ,"1,014.40 ",148.45 ,2395830103,Stocks,0.00 
02/03/2023 16:54:29,Open Position,O/USD,10.00 ,0.157332,0.00 ,"1,014.40 ",138.45 ,2396798496,Stocks,0.00 
02/03/2023 16:55:28,Open Position,BRK.B/USD,13.45 ,0.044114,0.00 ,"1,014.40 ",125.00 ,2396798999,Stocks,0.00 
02/03/2023 16:56:26,Open Position,INTC/USD,15.00 ,0.592417,0.00 ,"1,014.40 ",110.00 ,2396799346,Stocks,0.00 
03/03/2023 15:03:42,Open Position,O/USD,10.00 ,0.155569,0.00 ,"1,014.40 ",100.00 ,2397458892,Stocks,0.00 
06/03/2023 19:29:39,Open Position,O/USD,10.00 ,0.155255,0.00 ,"1,014.40 ",90.00 ,2398791812,Stocks,0.00 
07/03/2023 09:29:08,Deposit,100.00 USD CreditCard,100.00 ,-,100.00 ,"1,114.40 ",190.00 ,-,-,0.00 
07/03/2023 14:30:14,Open Position,BRK.B/USD,10.00 ,0.031546,0.00 ,"1,114.40 ",180.00 ,2399248257,Stocks,0.00 
08/03/2023 14:30:07,Open Position,BRK.B/USD,10.00 ,0.032191,0.00 ,"1,114.40 ",170.00 ,2400039307,Stocks,0.00 
09/03/2023 18:16:43,Open Position,BRK.B/USD,10.00 ,0.032280,0.00 ,"1,114.40 ",160.00 ,2400951164,Stocks,0.00 
10/03/2023 00:24:38,Dividend,CVX/USD,0.08 ,-,0.08 ,"1,114.48 ",160.08 ,2385557052,Stocks,0.00 
10/03/2023 15:48:54,Open Position,KO/USD,10.08 ,0.169554,0.00 ,"1,114.48 ",150.00 ,2401978540,Stocks,0.00 
13/03/2023 13:30:14,Open Position,KO/USD,10.00 ,0.168464,0.00 ,"1,114.48 ",140.00 ,2402997911,Stocks,0.00 
14/03/2023 13:30:08,Open Position,KO/USD,10.00 ,0.166889,0.00 ,"1,114.48 ",130.00 ,2404212596,Stocks,0.00 
15/03/2023 00:08:24,Dividend,O/USD,0.03 ,-,0.03 ,"1,114.51 ",130.03 ,2348193684,Stocks,0.00 
15/03/2023 00:08:24,Dividend,O/USD,0.03 ,-,0.03 ,"1,114.54 ",130.06 ,2385562140,Stocks,0.00 
15/03/2023 19:12:04,Open Position,KO/USD,20.06 ,0.333444,0.00 ,"1,114.54 ",110.00 ,2406034831,Stocks,0.00 
16/03/2023 08:57:18,Open Position,CSGN/CHF,10.00 ,4.448750,0.00 ,"1,114.54 ",100.00 ,2406264657,Stocks,0.00 
20/03/2023 16:02:55,Open Position,CSGN/CHF,10.00 ,11.583000,0.00 ,"1,114.54 ",90.00 ,2408811031,Stocks,0.00 
20/03/2023 16:03:24,Open Position,BRK.B/USD,10.00 ,0.033392,0.00 ,"1,114.54 ",80.00 ,2408811358,Stocks,0.00 
21/03/2023 13:34:58,Open Position,CSGN/CHF,10.00 ,10.938935,0.00 ,"1,114.54 ",70.00 ,2409258736,Stocks,0.00 
22/03/2023 18:27:55,Open Position,TSM/USD,10.00 ,0.105686,0.00 ,"1,114.54 ",60.00 ,2410704730,Stocks,0.00 
24/03/2023 13:31:02,Open Position,BRK.B/USD,10.00 ,0.033922,0.00 ,"1,114.54 ",50.00 ,2412217452,Stocks,0.00 
27/03/2023 07:00:07,Open Position,CSGN/CHF,10.00 ,11.801542,0.00 ,"1,114.54 ",40.00 ,2412774669,Stocks,0.00 
27/03/2023 07:55:46,Open Position,DBK.DE/EUR,10.00 ,1.064392,0.00 ,"1,114.54 ",30.00 ,2412829312,Stocks,0.00 
27/03/2023 13:30:28,Open Position,JPM/USD,10.00 ,0.078450,0.00 ,"1,114.54 ",20.00 ,2412988281,Stocks,0.00 
28/03/2023 15:07:05,Open Position,BRK.B/USD,10.00 ,0.033162,0.00 ,"1,114.54 ",10.00 ,2413915986,Stocks,0.00 
28/03/2023 15:10:37,Open Position,SPY/USD,10.00 ,0.025263,0.00 ,"1,114.54 ",0.00 ,2413917649,CFD,0.00 
29/03/2023 16:09:49,Deposit,90.00 USD CreditCard,90.00 ,-,90.00 ,"1,204.54 ",90.00 ,-,-,0.00 
29/03/2023 16:17:29,Open Position,JPM/USD,10.00 ,0.077131,0.00 ,"1,204.54 ",80.00 ,2414742563,Stocks,0.00 
30/03/2023 14:54:16,Open Position,SPY/USD,10.00 ,0.024723,0.00 ,"1,204.54 ",70.00 ,2415511766,CFD,0.00 
31/03/2023 15:23:54,Open Position,SPY/USD,10.00 ,0.024537,0.00 ,"1,204.54 ",60.00 ,2416275861,CFD,0.00 
03/04/2023 00:20:36,Dividend,KO/USD,0.39 ,-,0.39 ,"1,204.93 ",60.39 ,2187166552,Stocks,0.00 
03/04/2023 00:20:36,Dividend,KO/USD,0.07 ,-,0.07 ,"1,205.00 ",60.46 ,2394114428,Stocks,0.00 
03/04/2023 00:20:36,Dividend,KO/USD,0.07 ,-,0.07 ,"1,205.07 ",60.53 ,2401978540,Stocks,0.00 
03/04/2023 00:20:36,Dividend,KO/USD,0.07 ,-,0.07 ,"1,205.14 ",60.60 ,2402997911,Stocks,0.00 
03/04/2023 00:20:36,Dividend,KO/USD,0.07 ,-,0.07 ,"1,205.21 ",60.67 ,2404212596,Stocks,0.00 
03/04/2023 00:20:36,Dividend,KO/USD,0.13 ,-,0.13 ,"1,205.34 ",60.80 ,2406034831,Stocks,0.00 
03/04/2023 13:31:13,Open Position,BRK.B/USD,10.80 ,0.034897,0.00 ,"1,205.34 ",50.00 ,2416982171,Stocks,0.00 
04/04/2023 14:05:05,Open Position,BRK.B/USD,10.00 ,0.032210,0.00 ,"1,205.34 ",40.00 ,2418861968,Stocks,0.00 
05/04/2023 13:30:40,Open Position,T/USD,10.00 ,0.509165,0.00 ,"1,205.34 ",30.00 ,2420711848,Stocks,0.00 
06/04/2023 14:47:12,Open Position,QQQ/USD,10.00 ,0.031720,0.00 ,"1,205.34 ",20.00 ,2421596765,CFD,0.00 
10/04/2023 14:21:55,Open Position,TSM/USD,10.00 ,0.114587,0.00 ,"1,205.34 ",10.00 ,2422293704,Stocks,0.00 
11/04/2023 17:06:44,Deposit,220.00 USD CreditCard,220.00 ,-,220.00 ,"1,425.34 ",230.00 ,-,-,0.00 
11/04/2023 17:16:53,Open Position,INTC/USD,10.00 ,0.307882,0.00 ,"1,425.34 ",220.00 ,2423194375,Stocks,0.00 
12/04/2023 15:51:13,Open Position,FRCB/USD,10.00 ,0.717875,0.00 ,"1,425.34 ",210.00 ,2423956748,Stocks,0.00 
13/04/2023 00:04:17,Dividend,TSM/USD,0.04 ,-,0.04 ,"1,425.38 ",210.04 ,2385560978,Stocks,0.00 
13/04/2023 13:30:16,Open Position,BRK.B/USD,10.00 ,0.031720,0.00 ,"1,425.38 ",200.04 ,2424443241,Stocks,0.00 
14/04/2023 00:11:37,Dividend,O/USD,0.03 ,-,0.03 ,"1,425.41 ",200.07 ,2348193684,Stocks,0.00 
14/04/2023 00:11:37,Dividend,O/USD,0.03 ,-,0.03 ,"1,425.44 ",200.10 ,2385562140,Stocks,0.00 
14/04/2023 00:11:37,Dividend,O/USD,0.03 ,-,0.03 ,"1,425.47 ",200.13 ,2394930836,Stocks,0.00 
14/04/2023 00:11:37,Dividend,O/USD,0.03 ,-,0.03 ,"1,425.50 ",200.16 ,2395830103,Stocks,0.00 
14/04/2023 00:11:37,Dividend,O/USD,0.03 ,-,0.03 ,"1,425.53 ",200.19 ,2396798496,Stocks,0.00 
14/04/2023 00:11:37,Dividend,O/USD,0.03 ,-,0.03 ,"1,425.56 ",200.22 ,2397458892,Stocks,0.00 
14/04/2023 00:11:37,Dividend,O/USD,0.03 ,-,0.03 ,"1,425.59 ",200.25 ,2398791812,Stocks,0.00 
14/04/2023 14:52:54,Open Position,SPY/USD,10.00 ,0.024225,0.00 ,"1,425.59 ",190.25 ,2425138397,CFD,0.00 
17/04/2023 13:52:57,Open Position,BRK.B/USD,10.00 ,0.031143,0.00 ,"1,425.59 ",180.25 ,2425980510,Stocks,0.00 
18/04/2023 17:13:29,Open Position,BRK.B/USD,10.00 ,0.030838,0.00 ,"1,425.59 ",170.25 ,2426895076,Stocks,0.00 
19/04/2023 16:03:17,Open Position,GS/USD,10.00 ,0.030021,0.00 ,"1,425.59 ",160.25 ,2427566438,Stocks,0.00 
20/04/2023 13:30:27,Open Position,BRK.B/USD,10.25 ,0.031808,0.00 ,"1,425.59 ",150.00 ,2427951260,Stocks,0.00 
24/04/2023 13:30:10,Open Position,GS/USD,10.00 ,0.029241,0.00 ,"1,425.59 ",140.00 ,2429249628,Stocks,0.00 
24/04/2023 13:30:34,Open Position,BRK.B/USD,10.00 ,0.030770,0.00 ,"1,425.59 ",130.00 ,2429287760,Stocks,0.00 
25/04/2023 00:11:19,Dividend,GE/USD,0.01 ,-,0.01 ,"1,425.60 ",130.01 ,2347009166,Stocks,0.00 
25/04/2023 16:12:44,Open Position,BRK.B/USD,10.01 ,0.030640,0.00 ,"1,425.60 ",120.00 ,2430399360,Stocks,0.00 
26/04/2023 13:50:34,Open Position,GOOG/USD,10.00 ,0.094886,0.00 ,"1,425.60 ",110.00 ,2431015787,Stocks,0.00 
27/04/2023 13:30:27,Open Position,SPY/USD,10.00 ,0.024534,0.00 ,"1,425.60 ",100.00 ,2431784489,CFD,0.00 
28/04/2023 13:30:12,Open Position,GOOG/USD,10.00 ,0.092902,0.00 ,"1,425.60 ",90.00 ,2432558526,Stocks,0.00 
01/05/2023 00:05:43,Dividend,T/USD,0.60 ,-,0.60 ,"1,426.20 ",90.60 ,2187160069,Stocks,0.00 
01/05/2023 00:05:43,Dividend,T/USD,0.13 ,-,0.13 ,"1,426.33 ",90.73 ,2347008495,Stocks,0.00 
01/05/2023 00:05:43,Dividend,T/USD,0.12 ,-,0.12 ,"1,426.45 ",90.85 ,2420711848,Stocks,0.00 
01/05/2023 13:30:16,Open Position,QQQ/USD,10.85 ,0.033627,0.00 ,"1,426.45 ",80.00 ,2433265241,CFD,0.00 
02/05/2023 13:30:16,Open Position,JPM/USD,10.00 ,0.070791,0.00 ,"1,426.45 ",70.00 ,2433983029,Stocks,0.00 
03/05/2023 13:30:13,Open Position,QQQ/USD,10.00 ,0.031238,0.00 ,"1,426.45 ",60.00 ,2434882453,CFD,0.00 
04/05/2023 00:21:28,Dividend,JPM/USD,0.06 ,-,0.06 ,"1,426.51 ",60.06 ,2347010117,Stocks,0.00 
04/05/2023 00:21:28,Dividend,JPM/USD,0.06 ,-,0.06 ,"1,426.57 ",60.12 ,2385561957,Stocks,0.00 
04/05/2023 00:21:28,Dividend,JPM/USD,0.07 ,-,0.07 ,"1,426.64 ",60.19 ,2412988281,Stocks,0.00 
04/05/2023 00:21:28,Dividend,JPM/USD,0.07 ,-,0.07 ,"1,426.71 ",60.26 ,2414742563,Stocks,0.00 
04/05/2023 13:30:14,Open Position,JPM/USD,10.26 ,0.076124,0.00 ,"1,426.71 ",50.00 ,2435744915,Stocks,0.00 
04/05/2023 17:06:02,Open Position,QQQ/USD,10.00 ,0.031484,0.00 ,"1,426.71 ",40.00 ,2436405698,CFD,0.00 
08/05/2023 14:02:52,Open Position,SPY/USD,10.00 ,0.024210,0.00 ,"1,426.71 ",30.00 ,2437778608,CFD,0.00 
08/05/2023 14:03:49,Open Position,VOO/USD,10.00 ,0.026357,0.00 ,"1,426.71 ",20.00 ,2437779641,CFD,0.00 
09/05/2023 06:23:53,Deposit,220.00 USD CreditCard,220.00 ,-,220.00 ,"1,646.71 ",240.00 ,-,-,0.00 
09/05/2023 13:30:11,Open Position,SPY/USD,10.00 ,0.024287,0.00 ,"1,646.71 ",230.00 ,2438402480,CFD,0.00 
11/05/2023 13:30:09,Open Position,QQQ/USD,10.00 ,0.030643,0.00 ,"1,646.71 ",220.00 ,2439695554,CFD,0.00 
12/05/2023 13:30:15,Open Position,SPY/USD,10.00 ,0.024155,0.00 ,"1,646.71 ",210.00 ,2440458918,CFD,0.00 
12/05/2023 13:30:16,Open Position,GS/USD,10.00 ,0.030960,0.00 ,"1,646.71 ",200.00 ,2440460711,Stocks,0.00 
15/05/2023 00:09:26,Dividend,O/USD,0.03 ,-,0.03 ,"1,646.74 ",200.03 ,2348193684,Stocks,0.00 
15/05/2023 00:09:26,Dividend,O/USD,0.03 ,-,0.03 ,"1,646.77 ",200.06 ,2385562140,Stocks,0.00 
15/05/2023 00:09:26,Dividend,O/USD,0.03 ,-,0.03 ,"1,646.80 ",200.09 ,2394930836,Stocks,0.00 
15/05/2023 00:09:26,Dividend,O/USD,0.03 ,-,0.03 ,"1,646.83 ",200.12 ,2395830103,Stocks,0.00 
15/05/2023 00:09:26,Dividend,O/USD,0.03 ,-,0.03 ,"1,646.86 ",200.15 ,2396798496,Stocks,0.00 
15/05/2023 00:09:26,Dividend,O/USD,0.03 ,-,0.03 ,"1,646.89 ",200.18 ,2397458892,Stocks,0.00 
15/05/2023 00:09:26,Dividend,O/USD,0.03 ,-,0.03 ,"1,646.92 ",200.21 ,2398791812,Stocks,0.00 
15/05/2023 13:31:13,Open Position,SPY/USD,10.00 ,0.024234,0.00 ,"1,646.92 ",190.21 ,2441110114,CFD,0.00 
16/05/2023 13:30:18,Open Position,O/USD,10.21 ,0.165210,0.00 ,"1,646.92 ",180.00 ,2441660511,Stocks,0.00 
17/05/2023 13:30:19,Open Position,SPY/USD,10.00 ,0.024218,0.00 ,"1,646.92 ",170.00 ,2442342413,CFD,0.00 
18/05/2023 00:37:36,Dividend,AAPL/USD,0.06 ,-,0.06 ,"1,646.98 ",170.06 ,2149086741,Stocks,0.00 
18/05/2023 00:37:36,Dividend,AAPL/USD,0.03 ,-,0.03 ,"1,647.01 ",170.09 ,2155709084,Stocks,0.00 
18/05/2023 00:37:36,Dividend,AAPL/USD,0.07 ,-,0.07 ,"1,647.08 ",170.16 ,2187159742,Stocks,0.00 
18/05/2023 00:37:36,Dividend,AAPL/USD,0.04 ,-,0.04 ,"1,647.12 ",170.20 ,2347008762,Stocks,0.00 
18/05/2023 13:30:15,Open Position,AAPL/USD,10.20 ,0.058939,0.00 ,"1,647.12 ",160.00 ,2443110647,Stocks,0.00 
22/05/2023 00:07:29,Dividend,DBK.DE/EUR,0.24 ,-,0.24 ,"1,647.36 ",160.24 ,2395283345,Stocks,0.00 
22/05/2023 00:07:29,Dividend,DBK.DE/EUR,0.25 ,-,0.25 ,"1,647.61 ",160.49 ,2412829312,Stocks,0.00 
22/05/2023 14:34:40,Open Position,SPY/USD,20.49 ,0.048814,0.00 ,"1,647.61 ",140.00 ,2445015667,CFD,0.00 
23/05/2023 15:45:20,Open Position,SPY/USD,10.00 ,0.023890,0.00 ,"1,647.61 ",130.00 ,2445747600,CFD,0.00 
24/05/2023 16:53:23,Open Position,SPY/USD,10.00 ,0.024321,0.00 ,"1,647.61 ",120.00 ,2446536172,CFD,0.00 
25/05/2023 17:15:31,Open Position,SPY/USD,10.00 ,0.024112,0.00 ,"1,647.61 ",110.00 ,2447348810,CFD,0.00 
26/05/2023 15:34:00,Open Position,SPY/USD,10.00 ,0.023841,0.00 ,"1,647.61 ",100.00 ,2448088110,CFD,0.00 
30/05/2023 13:32:43,Open Position,SPY/USD,20.00 ,0.047298,0.00 ,"1,647.61 ",80.00 ,2449085723,CFD,0.00 
31/05/2023 14:58:10,Open Position,SPY/USD,10.00 ,0.023955,0.00 ,"1,647.61 ",70.00 ,2450369597,CFD,0.00 
01/06/2023 00:12:45,Dividend,INTC/USD,0.14 ,-,0.14 ,"1,647.75 ",70.14 ,1291793597,Stocks,0.00 
01/06/2023 00:12:45,Dividend,INTC/USD,0.07 ,-,0.07 ,"1,647.82 ",70.21 ,2187160781,Stocks,0.00 
01/06/2023 00:12:45,Dividend,INTC/USD,0.11 ,-,0.11 ,"1,647.93 ",70.32 ,2347008853,Stocks,0.00 
01/06/2023 00:12:45,Dividend,INTC/USD,0.06 ,-,0.06 ,"1,647.99 ",70.38 ,2385560783,Stocks,0.00 
01/06/2023 00:12:45,Dividend,INTC/USD,0.06 ,-,0.06 ,"1,648.05 ",70.44 ,2396799346,Stocks,0.00 
01/06/2023 00:12:45,Dividend,INTC/USD,0.03 ,-,0.03 ,"1,648.08 ",70.47 ,2423194375,Stocks,0.00 
01/06/2023 19:15:30,Open Position,SPY/USD,10.00 ,0.023613,0.00 ,"1,648.08 ",60.47 ,2451527978,CFD,0.00 
02/06/2023 13:30:11,Open Position,SPY/USD,10.47 ,0.024623,0.00 ,"1,648.08 ",50.00 ,2451790898,CFD,0.00 
05/06/2023 14:11:58,Open Position,SPY/USD,10.00 ,0.023329,0.00 ,"1,648.08 ",40.00 ,2452822837,CFD,0.00 
06/06/2023 15:22:18,Open Position,SPY/USD,10.00 ,0.023344,0.00 ,"1,648.08 ",30.00 ,2453752410,CFD,0.00 
07/06/2023 13:30:15,Open Position,SPY/USD,10.00 ,0.023308,0.00 ,"1,648.08 ",20.00 ,2454318023,CFD,0.00 
07/06/2023 13:57:29,Deposit,220.00 USD CreditCard,220.00 ,-,220.00 ,"1,868.08 ",240.00 ,-,-,0.00 
08/06/2023 15:57:21,Position closed,CSGN/CHF,3.72 ,4.448750,(6.28),"1,861.80 ",243.72 ,2406264657,Stocks,0.00 
08/06/2023 16:04:54,Position closed,CSGN/CHF,10.40 ,11.801542,0.40 ,"1,862.20 ",254.12 ,2412774669,Stocks,0.00 
08/06/2023 16:10:45,Position closed,CSGN/CHF,10.11 ,11.583000,0.11 ,"1,862.31 ",264.23 ,2408811031,Stocks,0.00 
08/06/2023 16:13:21,Position closed,CSGN/CHF,9.56 ,10.938935,(0.44),"1,861.87 ",273.79 ,2409258736,Stocks,0.00 
09/06/2023 13:30:27,Open Position,SPY/USD,23.79 ,0.055200,0.00 ,"1,861.87 ",250.00 ,2455861972,CFD,0.00 
12/06/2023 00:09:33,Dividend,CVX/USD,0.08 ,-,0.08 ,"1,861.95 ",250.08 ,2385557052,Stocks,0.00 
12/06/2023 14:56:51,Open Position,SPY/USD,10.08 ,0.023379,0.00 ,"1,861.95 ",240.00 ,2457017561,CFD,0.00 
13/06/2023 17:50:27,Open Position,SPY/USD,10.00 ,0.022847,0.00 ,"1,861.95 ",230.00 ,2458123686,CFD,0.00 
15/06/2023 00:12:07,Dividend,O/USD,0.03 ,-,0.03 ,"1,861.98 ",230.03 ,2348193684,Stocks,0.00 
15/06/2023 00:12:07,Dividend,O/USD,0.03 ,-,0.03 ,"1,862.01 ",230.06 ,2385562140,Stocks,0.00 
15/06/2023 00:12:07,Dividend,O/USD,0.03 ,-,0.03 ,"1,862.04 ",230.09 ,2394930836,Stocks,0.00 
15/06/2023 00:12:07,Dividend,O/USD,0.03 ,-,0.03 ,"1,862.07 ",230.12 ,2395830103,Stocks,0.00 
15/06/2023 00:12:07,Dividend,O/USD,0.03 ,-,0.03 ,"1,862.10 ",230.15 ,2396798496,Stocks,0.00 
15/06/2023 00:12:07,Dividend,O/USD,0.03 ,-,0.03 ,"1,862.13 ",230.18 ,2397458892,Stocks,0.00 
15/06/2023 00:12:07,Dividend,O/USD,0.03 ,-,0.03 ,"1,862.16 ",230.21 ,2398791812,Stocks,0.00 
15/06/2023 00:12:07,Dividend,O/USD,0.04 ,-,0.04 ,"1,862.20 ",230.25 ,2441660511,Stocks,0.00 
16/06/2023 16:31:09,Open Position,SPY/USD,30.25 ,0.068369,0.00 ,"1,862.20 ",200.00 ,2460960972,CFD,0.00 
20/06/2023 00:25:53,Dividend,SPY/USD,0.04 ,-,0.04 ,"1,862.24 ",200.04 ,2413917649,CFD,0.00 
20/06/2023 00:25:53,Dividend,SPY/USD,0.03 ,-,0.03 ,"1,862.27 ",200.07 ,2415511766,CFD,0.00 
20/06/2023 00:25:53,Dividend,SPY/USD,0.03 ,-,0.03 ,"1,862.30 ",200.10 ,2416275861,CFD,0.00 
20/06/2023 00:25:53,Dividend,SPY/USD,0.03 ,-,0.03 ,"1,862.33 ",200.13 ,2425138397,CFD,0.00 
20/06/2023 00:25:53,Dividend,SPY/USD,0.03 ,-,0.03 ,"1,862.36 ",200.16 ,2431784489,CFD,0.00 
20/06/2023 00:25:53,Dividend,SPY/USD,0.03 ,-,0.03 ,"1,862.39 ",200.19 ,2437778608,CFD,0.00 
20/06/2023 00:25:53,Dividend,SPY/USD,0.03 ,-,0.03 ,"1,862.42 ",200.22 ,2438402480,CFD,0.00 
20/06/2023 00:25:53,Dividend,SPY/USD,0.03 ,-,0.03 ,"1,862.45 ",200.25 ,2440458918,CFD,0.00 
20/06/2023 00:25:53,Dividend,SPY/USD,0.03 ,-,0.03 ,"1,862.48 ",200.28 ,2441110114,CFD,0.00 
20/06/2023 00:25:53,Dividend,SPY/USD,0.03 ,-,0.03 ,"1,862.51 ",200.31 ,2442342413,CFD,0.00 
20/06/2023 00:25:53,Dividend,SPY/USD,0.07 ,-,0.07 ,"1,862.58 ",200.38 ,2445015667,CFD,0.00 
20/06/2023 00:25:53,Dividend,SPY/USD,0.03 ,-,0.03 ,"1,862.61 ",200.41 ,2445747600,CFD,0.00 
20/06/2023 00:25:53,Dividend,SPY/USD,0.03 ,-,0.03 ,"1,862.64 ",200.44 ,2446536172,CFD,0.00 
20/06/2023 00:25:53,Dividend,SPY/USD,0.03 ,-,0.03 ,"1,862.67 ",200.47 ,2447348810,CFD,0.00 
20/06/2023 00:25:53,Dividend,SPY/USD,0.03 ,-,0.03 ,"1,862.70 ",200.50 ,2448088110,CFD,0.00 
20/06/2023 00:25:53,Dividend,SPY/USD,0.07 ,-,0.07 ,"1,862.77 ",200.57 ,2449085723,CFD,0.00 
20/06/2023 00:25:53,Dividend,SPY/USD,0.03 ,-,0.03 ,"1,862.80 ",200.60 ,2450369597,CFD,0.00 
20/06/2023 00:25:53,Dividend,SPY/USD,0.03 ,-,0.03 ,"1,862.83 ",200.63 ,2451527978,CFD,0.00 
20/06/2023 00:25:53,Dividend,SPY/USD,0.03 ,-,0.03 ,"1,862.86 ",200.66 ,2451790898,CFD,0.00 
20/06/2023 00:25:53,Dividend,SPY/USD,0.03 ,-,0.03 ,"1,862.89 ",200.69 ,2452822837,CFD,0.00 
20/06/2023 00:25:53,Dividend,SPY/USD,0.03 ,-,0.03 ,"1,862.92 ",200.72 ,2453752410,CFD,0.00 
20/06/2023 00:25:53,Dividend,SPY/USD,0.03 ,-,0.03 ,"1,862.95 ",200.75 ,2454318023,CFD,0.00 
20/06/2023 00:25:53,Dividend,SPY/USD,0.08 ,-,0.08 ,"1,863.03 ",200.83 ,2455861972,CFD,0.00 
20/06/2023 00:25:53,Dividend,SPY/USD,0.03 ,-,0.03 ,"1,863.06 ",200.86 ,2457017561,CFD,0.00 
20/06/2023 00:25:53,Dividend,SPY/USD,0.03 ,-,0.03 ,"1,863.09 ",200.89 ,2458123686,CFD,0.00 
20/06/2023 00:25:53,Dividend,QQQ/USD,0.01 ,-,0.01 ,"1,863.10 ",200.90 ,2421596765,CFD,0.00 
20/06/2023 00:25:53,Dividend,QQQ/USD,0.01 ,-,0.01 ,"1,863.11 ",200.91 ,2433265241,CFD,0.00 
20/06/2023 00:25:53,Dividend,QQQ/USD,0.01 ,-,0.01 ,"1,863.12 ",200.92 ,2434882453,CFD,0.00 
20/06/2023 00:25:53,Dividend,QQQ/USD,0.01 ,-,0.01 ,"1,863.13 ",200.93 ,2436405698,CFD,0.00 
20/06/2023 00:25:53,Dividend,QQQ/USD,0.01 ,-,0.01 ,"1,863.14 ",200.94 ,2439695554,CFD,0.00 
20/06/2023 13:32:11,Open Position,SPY/USD,10.00 ,0.022817,0.00 ,"1,863.14 ",190.94 ,2461786763,CFD,0.00 
20/06/2023 19:30:32,Open Position,SPY/USD,10.94 ,0.024965,0.00 ,"1,863.14 ",180.00 ,2462493312,CFD,0.00 
23/06/2023 18:13:05,Open Position,SPY/USD,20.00 ,0.046009,0.00 ,"1,863.14 ",160.00 ,2464938252,CFD,0.00 
23/06/2023 18:13:47,Open Position,KO/USD,10.00 ,0.162840,0.00 ,"1,863.14 ",150.00 ,2464938542,Stocks,0.00 
26/06/2023 18:11:33,Open Position,SPY/USD,10.00 ,0.023109,0.00 ,"1,863.14 ",140.00 ,2465878818,CFD,0.00 
27/06/2023 18:35:33,Open Position,SPY/USD,10.00 ,0.022870,0.00 ,"1,863.14 ",130.00 ,2466621158,CFD,0.00 
28/06/2023 13:31:12,Open Position,SPY/USD,10.00 ,0.022955,0.00 ,"1,863.14 ",120.00 ,2466957117,CFD,0.00 
29/06/2023 00:11:21,Dividend,GS/USD,0.06 ,-,0.06 ,"1,863.20 ",120.06 ,2427566438,Stocks,0.00 
29/06/2023 00:11:21,Dividend,GS/USD,0.06 ,-,0.06 ,"1,863.26 ",120.12 ,2429249628,Stocks,0.00 
29/06/2023 00:11:21,Dividend,GS/USD,0.07 ,-,0.07 ,"1,863.33 ",120.19 ,2440460711,Stocks,0.00 
29/06/2023 00:11:21,Dividend,VOO/USD,0.04 ,-,0.04 ,"1,863.37 ",120.23 ,2437779641,CFD,0.00 
03/07/2023 00:16:33,Dividend,KO/USD,0.39 ,-,0.39 ,"1,863.76 ",120.62 ,2187166552,Stocks,0.00 
03/07/2023 00:16:33,Dividend,KO/USD,0.07 ,-,0.07 ,"1,863.83 ",120.69 ,2394114428,Stocks,0.00 
03/07/2023 00:16:33,Dividend,KO/USD,0.07 ,-,0.07 ,"1,863.90 ",120.76 ,2401978540,Stocks,0.00 
03/07/2023 00:16:33,Dividend,KO/USD,0.07 ,-,0.07 ,"1,863.97 ",120.83 ,2402997911,Stocks,0.00 
03/07/2023 00:16:33,Dividend,KO/USD,0.07 ,-,0.07 ,"1,864.04 ",120.90 ,2404212596,Stocks,0.00 
03/07/2023 00:16:33,Dividend,KO/USD,0.13 ,-,0.13 ,"1,864.17 ",121.03 ,2406034831,Stocks,0.00 
03/07/2023 16:08:38,Open Position,SPY/USD,11.03 ,0.024824,0.00 ,"1,864.17 ",110.00 ,2472032684,CFD,0.00 
05/07/2023 13:30:39,Open Position,SPY/USD,20.00 ,0.045158,0.00 ,"1,864.17 ",90.00 ,2472743365,CFD,0.00 
05/07/2023 18:22:29,Open Position,SPY/USD,10.00 ,0.022570,0.00 ,"1,864.17 ",80.00 ,2474685821,CFD,0.00 
06/07/2023 17:25:14,Open Position,O/USD,10.00 ,0.167168,0.00 ,"1,864.17 ",70.00 ,2476484188,Stocks,0.00 
10/07/2023 13:30:24,Open Position,VOO/USD,20.00 ,0.049576,0.00 ,"1,864.17 ",50.00 ,2477564225,CFD,0.00 
13/07/2023 00:07:37,Dividend,TSM/USD,0.04 ,-,0.04 ,"1,864.21 ",50.04 ,2385560978,Stocks,0.00 
13/07/2023 00:07:37,Dividend,TSM/USD,0.04 ,-,0.04 ,"1,864.25 ",50.08 ,2410704730,Stocks,0.00 
13/07/2023 00:07:37,Dividend,TSM/USD,0.04 ,-,0.04 ,"1,864.29 ",50.12 ,2422293704,Stocks,0.00 
13/07/2023 13:30:48,Open Position,GE/USD,10.12 ,0.090901,0.00 ,"1,864.29 ",40.00 ,2481201573,Stocks,0.00 
14/07/2023 00:16:31,Dividend,O/USD,0.03 ,-,0.03 ,"1,864.32 ",40.03 ,2348193684,Stocks,0.00 
14/07/2023 00:16:31,Dividend,O/USD,0.03 ,-,0.03 ,"1,864.35 ",40.06 ,2385562140,Stocks,0.00 
14/07/2023 00:16:31,Dividend,O/USD,0.03 ,-,0.03 ,"1,864.38 ",40.09 ,2394930836,Stocks,0.00 
14/07/2023 00:16:31,Dividend,O/USD,0.03 ,-,0.03 ,"1,864.41 ",40.12 ,2395830103,Stocks,0.00 
14/07/2023 00:16:31,Dividend,O/USD,0.03 ,-,0.03 ,"1,864.44 ",40.15 ,2396798496,Stocks,0.00 
14/07/2023 00:16:31,Dividend,O/USD,0.03 ,-,0.03 ,"1,864.47 ",40.18 ,2397458892,Stocks,0.00 
14/07/2023 00:16:31,Dividend,O/USD,0.03 ,-,0.03 ,"1,864.50 ",40.21 ,2398791812,Stocks,0.00 
14/07/2023 00:16:31,Dividend,O/USD,0.04 ,-,0.04 ,"1,864.54 ",40.25 ,2441660511,Stocks,0.00 
14/07/2023 13:30:15,Open Position,JPM/USD,10.00 ,0.066055,0.00 ,"1,864.54 ",30.25 ,2482095447,Stocks,0.00 
14/07/2023 13:30:23,Open Position,KO/USD,10.25 ,0.170379,0.00 ,"1,864.54 ",20.00 ,2482109814,Stocks,0.00 
17/07/2023 13:30:55,Open Position,JPM/USD,10.00 ,0.066405,0.00 ,"1,864.54 ",10.00 ,2483200575,Stocks,0.00 
18/07/2023 04:09:22,Deposit,50.00 USD CreditCard,50.00 ,-,50.00 ,"1,914.54 ",60.00 ,-,-,0.00 
18/07/2023 13:30:31,Open Position,QQQ/USD,10.00 ,0.026161,0.00 ,"1,914.54 ",50.00 ,2484330268,CFD,0.00 
20/07/2023 14:16:39,Open Position,QQQ/USD,10.00 ,0.026149,0.00 ,"1,914.54 ",40.00 ,2486662343,CFD,0.00 
25/07/2023 00:26:28,Dividend,GE/USD,0.01 ,-,0.01 ,"1,914.55 ",40.01 ,2347009166,Stocks,0.00 
26/07/2023 13:30:34,Open Position,QQQ/USD,10.01 ,0.026443,0.00 ,"1,914.55 ",30.00 ,2489603207,CFD,0.00 
31/07/2023 00:12:59,Dividend,JPM/USD,0.06 ,-,0.06 ,"1,914.61 ",30.06 ,2347010117,Stocks,0.00 
31/07/2023 00:12:59,Dividend,JPM/USD,0.06 ,-,0.06 ,"1,914.67 ",30.12 ,2385561957,Stocks,0.00 
31/07/2023 00:12:59,Dividend,JPM/USD,0.07 ,-,0.07 ,"1,914.74 ",30.19 ,2412988281,Stocks,0.00 
31/07/2023 00:12:59,Dividend,JPM/USD,0.07 ,-,0.07 ,"1,914.81 ",30.26 ,2414742563,Stocks,0.00 
31/07/2023 00:12:59,Dividend,JPM/USD,0.06 ,-,0.06 ,"1,914.87 ",30.32 ,2433983029,Stocks,0.00 
31/07/2023 00:12:59,Dividend,JPM/USD,0.06 ,-,0.06 ,"1,914.93 ",30.38 ,2435744915,Stocks,0.00 
01/08/2023 00:14:21,Dividend,T/USD,0.60 ,-,0.60 ,"1,915.53 ",30.98 ,2187160069,Stocks,0.00 
01/08/2023 00:14:21,Dividend,T/USD,0.13 ,-,0.13 ,"1,915.66 ",31.11 ,2347008495,Stocks,0.00 
01/08/2023 00:14:21,Dividend,T/USD,0.12 ,-,0.12 ,"1,915.78 ",31.23 ,2420711848,Stocks,0.00 
03/08/2023 13:35:48,Open Position,INTC/USD,11.23 ,0.325036,0.00 ,"1,915.78 ",20.00 ,2495683673,Stocks,0.00 
07/08/2023 13:30:16,Open Position,NDAQ/USD,10.00 ,0.200965,0.00 ,"1,915.78 ",10.00 ,2497481659,Stocks,0.00 
07/08/2023 13:31:02,Open Position,QQQ/USD,10.00 ,0.026652,0.00 ,"1,915.78 ",0.00 ,2497561497,CFD,0.00 
15/08/2023 00:10:38,Dividend,O/USD,0.03 ,-,0.03 ,"1,915.81 ",0.03 ,2348193684,Stocks,0.00 
15/08/2023 00:10:38,Dividend,O/USD,0.03 ,-,0.03 ,"1,915.84 ",0.06 ,2385562140,Stocks,0.00 
15/08/2023 00:10:38,Dividend,O/USD,0.03 ,-,0.03 ,"1,915.87 ",0.09 ,2394930836,Stocks,0.00 
15/08/2023 00:10:38,Dividend,O/USD,0.03 ,-,0.03 ,"1,915.90 ",0.12 ,2395830103,Stocks,0.00 
15/08/2023 00:10:38,Dividend,O/USD,0.03 ,-,0.03 ,"1,915.93 ",0.15 ,2396798496,Stocks,0.00 
15/08/2023 00:10:38,Dividend,O/USD,0.03 ,-,0.03 ,"1,915.96 ",0.18 ,2397458892,Stocks,0.00 
15/08/2023 00:10:38,Dividend,O/USD,0.03 ,-,0.03 ,"1,915.99 ",0.21 ,2398791812,Stocks,0.00 
15/08/2023 00:10:38,Dividend,O/USD,0.04 ,-,0.04 ,"1,916.03 ",0.25 ,2441660511,Stocks,0.00 
15/08/2023 00:10:38,Dividend,O/USD,0.04 ,-,0.04 ,"1,916.07 ",0.29 ,2476484188,Stocks,0.00 
17/08/2023 00:06:07,Dividend,AAPL/USD,0.06 ,-,0.06 ,"1,916.13 ",0.35 ,2149086741,Stocks,0.00 
17/08/2023 00:06:07,Dividend,AAPL/USD,0.03 ,-,0.03 ,"1,916.16 ",0.38 ,2155709084,Stocks,0.00 
17/08/2023 00:06:07,Dividend,AAPL/USD,0.07 ,-,0.07 ,"1,916.23 ",0.45 ,2187159742,Stocks,0.00 
17/08/2023 00:06:07,Dividend,AAPL/USD,0.04 ,-,0.04 ,"1,916.27 ",0.49 ,2347008762,Stocks,0.00 
17/08/2023 00:06:07,Dividend,AAPL/USD,0.01 ,-,0.01 ,"1,916.28 ",0.50 ,2443110647,Stocks,0.00 
01/09/2023 00:12:00,Dividend,INTC/USD,0.14 ,-,0.14 ,"1,916.42 ",0.64 ,1291793597,Stocks,0.00 
01/09/2023 00:12:00,Dividend,INTC/USD,0.07 ,-,0.07 ,"1,916.49 ",0.71 ,2187160781,Stocks,0.00 
01/09/2023 00:12:00,Dividend,INTC/USD,0.11 ,-,0.11 ,"1,916.60 ",0.82 ,2347008853,Stocks,0.00 
01/09/2023 00:12:00,Dividend,INTC/USD,0.06 ,-,0.06 ,"1,916.66 ",0.88 ,2385560783,Stocks,0.00 
01/09/2023 00:12:00,Dividend,INTC/USD,0.06 ,-,0.06 ,"1,916.72 ",0.94 ,2396799346,Stocks,0.00 
01/09/2023 00:12:00,Dividend,INTC/USD,0.03 ,-,0.03 ,"1,916.75 ",0.97 ,2423194375,Stocks,0.00 
01/09/2023 00:12:00,Dividend,INTC/USD,0.03 ,-,0.03 ,"1,916.78 ",1.00 ,2495683673,Stocks,0.00 
04/09/2023 13:30:14,Deposit,200.00 USD CreditCard,200.00 ,-,200.00 ,"2,116.78 ",201.00 ,-,-,0.00 
05/09/2023 13:31:04,Open Position,O/USD,31.00 ,0.552289,0.00 ,"2,116.78 ",170.00 ,2512654576,Stocks,0.00 
06/09/2023 14:45:29,Open Position,QQQ/USD,10.00 ,0.026615,0.00 ,"2,116.78 ",160.00 ,2513716111,CFD,0.00 
11/09/2023 00:08:46,Dividend,CVX/USD,0.08 ,-,0.08 ,"2,116.86 ",160.08 ,2385557052,Stocks,0.00 
11/09/2023 14:55:48,Open Position,QQQ/USD,10.08 ,0.026875,0.00 ,"2,116.86 ",150.00 ,2515830968,CFD,0.00 
15/09/2023 12:42:09,Dividend,SPY/USD,0.03 ,-,0.03 ,"2,116.89 ",150.03 ,2413917649,CFD,0.00 
15/09/2023 12:42:09,Dividend,SPY/USD,0.03 ,-,0.03 ,"2,116.92 ",150.06 ,2415511766,CFD,0.00 
15/09/2023 12:42:09,Dividend,SPY/USD,0.03 ,-,0.03 ,"2,116.95 ",150.09 ,2416275861,CFD,0.00 
15/09/2023 12:42:09,Dividend,SPY/USD,0.03 ,-,0.03 ,"2,116.98 ",150.12 ,2425138397,CFD,0.00 
15/09/2023 12:42:09,Dividend,SPY/USD,0.03 ,-,0.03 ,"2,117.01 ",150.15 ,2431784489,CFD,0.00 
15/09/2023 12:42:09,Dividend,SPY/USD,0.03 ,-,0.03 ,"2,117.04 ",150.18 ,2437778608,CFD,0.00 
15/09/2023 12:42:09,Dividend,SPY/USD,0.03 ,-,0.03 ,"2,117.07 ",150.21 ,2438402480,CFD,0.00 
15/09/2023 12:42:09,Dividend,SPY/USD,0.03 ,-,0.03 ,"2,117.10 ",150.24 ,2440458918,CFD,0.00 
15/09/2023 12:42:09,Dividend,SPY/USD,0.03 ,-,0.03 ,"2,117.13 ",150.27 ,2441110114,CFD,0.00 
15/09/2023 12:42:09,Dividend,SPY/USD,0.03 ,-,0.03 ,"2,117.16 ",150.30 ,2442342413,CFD,0.00 
15/09/2023 12:42:09,Dividend,SPY/USD,0.07 ,-,0.07 ,"2,117.23 ",150.37 ,2445015667,CFD,0.00 
15/09/2023 12:42:09,Dividend,SPY/USD,0.03 ,-,0.03 ,"2,117.26 ",150.40 ,2445747600,CFD,0.00 
15/09/2023 12:42:09,Dividend,SPY/USD,0.03 ,-,0.03 ,"2,117.29 ",150.43 ,2446536172,CFD,0.00 
15/09/2023 12:42:09,Dividend,SPY/USD,0.03 ,-,0.03 ,"2,117.32 ",150.46 ,2447348810,CFD,0.00 
15/09/2023 12:42:09,Dividend,SPY/USD,0.03 ,-,0.03 ,"2,117.35 ",150.49 ,2448088110,CFD,0.00 
15/09/2023 12:42:09,Dividend,SPY/USD,0.06 ,-,0.06 ,"2,117.41 ",150.55 ,2449085723,CFD,0.00 
15/09/2023 12:42:09,Dividend,SPY/USD,0.03 ,-,0.03 ,"2,117.44 ",150.58 ,2450369597,CFD,0.00 
15/09/2023 12:42:09,Dividend,SPY/USD,0.03 ,-,0.03 ,"2,117.47 ",150.61 ,2451527978,CFD,0.00 
15/09/2023 12:42:09,Dividend,SPY/USD,0.03 ,-,0.03 ,"2,117.50 ",150.64 ,2451790898,CFD,0.00 
15/09/2023 12:42:09,Dividend,SPY/USD,0.03 ,-,0.03 ,"2,117.53 ",150.67 ,2452822837,CFD,0.00 
15/09/2023 12:42:09,Dividend,SPY/USD,0.03 ,-,0.03 ,"2,117.56 ",150.70 ,2453752410,CFD,0.00 
15/09/2023 12:42:09,Dividend,SPY/USD,0.03 ,-,0.03 ,"2,117.59 ",150.73 ,2454318023,CFD,0.00 
15/09/2023 12:42:09,Dividend,SPY/USD,0.07 ,-,0.07 ,"2,117.66 ",150.80 ,2455861972,CFD,0.00 
15/09/2023 12:42:09,Dividend,SPY/USD,0.03 ,-,0.03 ,"2,117.69 ",150.83 ,2457017561,CFD,0.00 
15/09/2023 12:42:09,Dividend,SPY/USD,0.03 ,-,0.03 ,"2,117.72 ",150.86 ,2458123686,CFD,0.00 
15/09/2023 12:42:09,Dividend,SPY/USD,0.09 ,-,0.09 ,"2,117.81 ",150.95 ,2460960972,CFD,0.00 
15/09/2023 12:42:09,Dividend,SPY/USD,0.03 ,-,0.03 ,"2,117.84 ",150.98 ,2461786763,CFD,0.00 
15/09/2023 12:42:09,Dividend,SPY/USD,0.03 ,-,0.03 ,"2,117.87 ",151.01 ,2462493312,CFD,0.00 
15/09/2023 12:42:09,Dividend,SPY/USD,0.06 ,-,0.06 ,"2,117.93 ",151.07 ,2464938252,CFD,0.00 
15/09/2023 12:42:09,Dividend,SPY/USD,0.03 ,-,0.03 ,"2,117.96 ",151.10 ,2465878818,CFD,0.00 
15/09/2023 12:42:09,Dividend,SPY/USD,0.03 ,-,0.03 ,"2,117.99 ",151.13 ,2466621158,CFD,0.00 
15/09/2023 12:42:09,Dividend,SPY/USD,0.03 ,-,0.03 ,"2,118.02 ",151.16 ,2466957117,CFD,0.00 
15/09/2023 12:42:09,Dividend,SPY/USD,0.03 ,-,0.03 ,"2,118.05 ",151.19 ,2472032684,CFD,0.00 
15/09/2023 12:42:09,Dividend,SPY/USD,0.06 ,-,0.06 ,"2,118.11 ",151.25 ,2472743365,CFD,0.00 
15/09/2023 12:42:09,Dividend,SPY/USD,0.03 ,-,0.03 ,"2,118.14 ",151.28 ,2474685821,CFD,0.00 
15/09/2023 12:42:09,Dividend,O/USD,0.03 ,-,0.03 ,"2,118.17 ",151.31 ,2348193684,Stocks,0.00 
15/09/2023 12:42:09,Dividend,O/USD,0.03 ,-,0.03 ,"2,118.20 ",151.34 ,2385562140,Stocks,0.00 
15/09/2023 12:42:09,Dividend,O/USD,0.03 ,-,0.03 ,"2,118.23 ",151.37 ,2394930836,Stocks,0.00 
15/09/2023 12:42:09,Dividend,O/USD,0.03 ,-,0.03 ,"2,118.26 ",151.40 ,2395830103,Stocks,0.00 
15/09/2023 12:42:09,Dividend,O/USD,0.03 ,-,0.03 ,"2,118.29 ",151.43 ,2396798496,Stocks,0.00 
15/09/2023 12:42:09,Dividend,O/USD,0.03 ,-,0.03 ,"2,118.32 ",151.46 ,2397458892,Stocks,0.00 
15/09/2023 12:42:09,Dividend,O/USD,0.03 ,-,0.03 ,"2,118.35 ",151.49 ,2398791812,Stocks,0.00 
15/09/2023 12:42:09,Dividend,O/USD,0.04 ,-,0.04 ,"2,118.39 ",151.53 ,2441660511,Stocks,0.00 
15/09/2023 12:42:09,Dividend,O/USD,0.04 ,-,0.04 ,"2,118.43 ",151.57 ,2476484188,Stocks,0.00 
15/09/2023 13:31:27,Open Position,QQQ/USD,21.57 ,0.057242,0.00 ,"2,118.43 ",130.00 ,2518099434,CFD,0.00 
19/09/2023 00:15:14,Dividend,QQQ/USD,0.01 ,-,0.01 ,"2,118.44 ",130.01 ,2421596765,CFD,0.00 
19/09/2023 00:15:14,Dividend,QQQ/USD,0.02 ,-,0.02 ,"2,118.46 ",130.03 ,2433265241,CFD,0.00 
19/09/2023 00:15:14,Dividend,QQQ/USD,0.01 ,-,0.01 ,"2,118.47 ",130.04 ,2434882453,CFD,0.00 
19/09/2023 00:15:14,Dividend,QQQ/USD,0.01 ,-,0.01 ,"2,118.48 ",130.05 ,2436405698,CFD,0.00 
19/09/2023 00:15:14,Dividend,QQQ/USD,0.01 ,-,0.01 ,"2,118.49 ",130.06 ,2439695554,CFD,0.00 
19/09/2023 00:15:14,Dividend,QQQ/USD,0.01 ,-,0.01 ,"2,118.50 ",130.07 ,2484330268,CFD,0.00 
19/09/2023 00:15:14,Dividend,QQQ/USD,0.01 ,-,0.01 ,"2,118.51 ",130.08 ,2486662343,CFD,0.00 
19/09/2023 00:15:14,Dividend,QQQ/USD,0.01 ,-,0.01 ,"2,118.52 ",130.09 ,2489603207,CFD,0.00 
19/09/2023 00:15:14,Dividend,QQQ/USD,0.01 ,-,0.01 ,"2,118.53 ",130.10 ,2497561497,CFD,0.00 
19/09/2023 00:15:14,Dividend,QQQ/USD,0.01 ,-,0.01 ,"2,118.54 ",130.11 ,2513716111,CFD,0.00 
19/09/2023 00:15:14,Dividend,QQQ/USD,0.01 ,-,0.01 ,"2,118.55 ",130.12 ,2515830968,CFD,0.00 
19/09/2023 00:15:14,Dividend,QQQ/USD,0.03 ,-,0.03 ,"2,118.58 ",130.15 ,2518099434,CFD,0.00 
19/09/2023 13:30:09,Open Position,QQQ/USD,10.15 ,0.027454,0.00 ,"2,118.58 ",120.00 ,2519305708,CFD,0.00 
25/09/2023 13:30:26,Open Position,INTC/USD,10.00 ,0.294204,0.00 ,"2,118.58 ",110.00 ,2522111492,Stocks,0.00 
26/09/2023 13:30:06,Open Position,O/USD,10.00 ,0.196464,0.00 ,"2,118.58 ",100.00 ,2522815064,Stocks,0.00 
26/09/2023 13:30:15,Open Position,QQQ/USD,10.00 ,0.027962,0.00 ,"2,118.58 ",90.00 ,2522826302,CFD,0.00 
26/09/2023 13:30:44,Open Position,CSCO/USD,20.00 ,0.375657,0.00 ,"2,118.58 ",70.00 ,2522851486,Stocks,0.00 
28/09/2023 00:31:19,Dividend,GS/USD,0.07 ,-,0.07 ,"2,118.65 ",70.07 ,2427566438,Stocks,0.00 
28/09/2023 00:31:19,Dividend,GS/USD,0.07 ,-,0.07 ,"2,118.72 ",70.14 ,2429249628,Stocks,0.00 
28/09/2023 00:31:19,Dividend,GS/USD,0.07 ,-,0.07 ,"2,118.79 ",70.21 ,2440460711,Stocks,0.00 
28/09/2023 00:31:19,Dividend,VOO/USD,0.03 ,-,0.03 ,"2,118.82 ",70.24 ,2437779641,CFD,0.00 
28/09/2023 00:31:19,Dividend,VOO/USD,0.06 ,-,0.06 ,"2,118.88 ",70.30 ,2477564225,CFD,0.00 
28/09/2023 13:30:08,Open Position,QQQ/USD,10.30 ,0.029043,0.00 ,"2,118.88 ",60.00 ,2524438482,CFD,0.00 
28/09/2023 13:30:18,Open Position,VOO/USD,10.00 ,0.025551,0.00 ,"2,118.88 ",50.00 ,2524451967,CFD,0.00 
29/09/2023 00:13:05,Dividend,NDAQ/USD,0.04 ,-,0.04 ,"2,118.92 ",50.04 ,2497481659,Stocks,0.00 
29/09/2023 13:30:09,Open Position,AMD/USD,20.04 ,0.191185,0.00 ,"2,118.92 ",30.00 ,2525147589,Stocks,0.00 
02/10/2023 00:08:10,Dividend,KO/USD,0.39 ,-,0.39 ,"2,119.31 ",30.39 ,2187166552,Stocks,0.00 
02/10/2023 00:08:10,Dividend,KO/USD,0.07 ,-,0.07 ,"2,119.38 ",30.46 ,2394114428,Stocks,0.00 
02/10/2023 00:08:10,Dividend,KO/USD,0.07 ,-,0.07 ,"2,119.45 ",30.53 ,2401978540,Stocks,0.00 
02/10/2023 00:08:10,Dividend,KO/USD,0.07 ,-,0.07 ,"2,119.52 ",30.60 ,2402997911,Stocks,0.00 
02/10/2023 00:08:10,Dividend,KO/USD,0.07 ,-,0.07 ,"2,119.59 ",30.67 ,2404212596,Stocks,0.00 
02/10/2023 00:08:10,Dividend,KO/USD,0.13 ,-,0.13 ,"2,119.72 ",30.80 ,2406034831,Stocks,0.00 
02/10/2023 00:08:10,Dividend,KO/USD,0.06 ,-,0.06 ,"2,119.78 ",30.86 ,2464938542,Stocks,0.00 
02/10/2023 00:08:10,Dividend,KO/USD,0.07 ,-,0.07 ,"2,119.85 ",30.93 ,2482109814,Stocks,0.00 
02/10/2023 13:31:11,Open Position,NDAQ/USD,10.93 ,0.225454,0.00 ,"2,119.85 ",20.00 ,2525896756,Stocks,0.00 
10/10/2023 13:36:02,Open Position,ITA/USD,20.00 ,0.182425,0.00 ,"2,119.85 ",0.00 ,2534566041,CFD,0.00 
12/10/2023 00:08:28,Dividend,TSM/USD,0.04 ,-,0.04 ,"2,119.89 ",0.04 ,2385560978,Stocks,0.00 
12/10/2023 00:08:28,Dividend,TSM/USD,0.04 ,-,0.04 ,"2,119.93 ",0.08 ,2410704730,Stocks,0.00 
12/10/2023 00:08:28,Dividend,TSM/USD,0.04 ,-,0.04 ,"2,119.97 ",0.12 ,2422293704,Stocks,0.00 
13/10/2023 00:15:13,Dividend,O/USD,0.03 ,-,0.03 ,"2,120.00 ",0.15 ,2348193684,Stocks,0.00 
13/10/2023 00:15:13,Dividend,O/USD,0.03 ,-,0.03 ,"2,120.03 ",0.18 ,2385562140,Stocks,0.00 
13/10/2023 00:15:13,Dividend,O/USD,0.03 ,-,0.03 ,"2,120.06 ",0.21 ,2394930836,Stocks,0.00 
13/10/2023 00:15:13,Dividend,O/USD,0.03 ,-,0.03 ,"2,120.09 ",0.24 ,2395830103,Stocks,0.00 
13/10/2023 00:15:13,Dividend,O/USD,0.03 ,-,0.03 ,"2,120.12 ",0.27 ,2396798496,Stocks,0.00 
13/10/2023 00:15:13,Dividend,O/USD,0.03 ,-,0.03 ,"2,120.15 ",0.30 ,2397458892,Stocks,0.00 
13/10/2023 00:15:13,Dividend,O/USD,0.03 ,-,0.03 ,"2,120.18 ",0.33 ,2398791812,Stocks,0.00 
13/10/2023 00:15:13,Dividend,O/USD,0.04 ,-,0.04 ,"2,120.22 ",0.37 ,2441660511,Stocks,0.00 
13/10/2023 00:15:13,Dividend,O/USD,0.04 ,-,0.04 ,"2,120.26 ",0.41 ,2476484188,Stocks,0.00 
13/10/2023 00:15:13,Dividend,O/USD,0.12 ,-,0.12 ,"2,120.38 ",0.53 ,2512654576,Stocks,0.00 
13/10/2023 00:15:13,Dividend,O/USD,0.04 ,-,0.04 ,"2,120.42 ",0.57 ,2522815064,Stocks,0.00 
18/10/2023 12:35:05,Deposit,50.00 USD CreditCard,50.00 ,-,50.00 ,"2,170.42 ",50.57 ,-,-,0.00 
18/10/2023 13:31:09,Open Position,BLK/USD,10.56 ,0.016645,0.00 ,"2,170.42 ",40.01 ,2539738620,Stocks,0.00 
18/10/2023 15:00:09,Open Position,MSFT/USD,10.01 ,0.030139,0.00 ,"2,170.42 ",30.00 ,2539999733,Stocks,0.00 
23/10/2023 13:31:48,Open Position,KO/USD,29.98 ,0.553301,0.00 ,"2,170.42 ",0.02 ,2542945587,Stocks,0.00 
25/10/2023 00:14:13,Dividend,CSCO/USD,0.12 ,-,0.12 ,"2,170.54 ",0.14 ,2522851486,Stocks,0.00 
25/10/2023 00:14:13,Dividend,GE/USD,0.01 ,-,0.01 ,"2,170.55 ",0.15 ,2347009166,Stocks,0.00 
25/10/2023 00:14:13,Dividend,GE/USD,0.01 ,-,0.01 ,"2,170.56 ",0.16 ,2481201573,Stocks,0.00 
31/10/2023 00:47:25,Dividend,JPM/USD,0.07 ,-,0.07 ,"2,170.63 ",0.23 ,2347010117,Stocks,0.00 
31/10/2023 00:47:25,Dividend,JPM/USD,0.06 ,-,0.06 ,"2,170.69 ",0.29 ,2385561957,Stocks,0.00 
31/10/2023 00:47:25,Dividend,JPM/USD,0.07 ,-,0.07 ,"2,170.76 ",0.36 ,2412988281,Stocks,0.00 
31/10/2023 00:47:25,Dividend,JPM/USD,0.07 ,-,0.07 ,"2,170.83 ",0.43 ,2414742563,Stocks,0.00 
31/10/2023 00:47:25,Dividend,JPM/USD,0.06 ,-,0.06 ,"2,170.89 ",0.49 ,2433983029,Stocks,0.00 
31/10/2023 00:47:25,Dividend,JPM/USD,0.07 ,-,0.07 ,"2,170.96 ",0.56 ,2435744915,Stocks,0.00 
31/10/2023 00:47:25,Dividend,JPM/USD,0.06 ,-,0.06 ,"2,171.02 ",0.62 ,2482095447,Stocks,0.00 
31/10/2023 00:47:25,Dividend,JPM/USD,0.06 ,-,0.06 ,"2,171.08 ",0.68 ,2483200575,Stocks,0.00 
01/11/2023 00:13:25,Dividend,T/USD,0.60 ,-,0.60 ,"2,171.68 ",1.28 ,2187160069,Stocks,0.00 
01/11/2023 00:13:25,Dividend,T/USD,0.13 ,-,0.13 ,"2,171.81 ",1.41 ,2347008495,Stocks,0.00 
01/11/2023 00:13:25,Dividend,T/USD,0.12 ,-,0.12 ,"2,171.93 ",1.53 ,2420711848,Stocks,0.00 
09/11/2023 16:37:21,Deposit,70.00 USD CreditCard,70.00 ,-,70.00 ,"2,241.93 ",71.53 ,-,-,0.00 
09/11/2023 16:39:53,Open Position,KO/USD,11.53 ,0.203459,0.00 ,"2,241.93 ",60.00 ,2556577318,Stocks,0.00 
15/11/2023 00:12:08,Dividend,O/USD,0.03 ,-,0.03 ,"2,241.96 ",60.03 ,2348193684,Stocks,0.00 
15/11/2023 00:12:08,Dividend,O/USD,0.03 ,-,0.03 ,"2,241.99 ",60.06 ,2385562140,Stocks,0.00 
15/11/2023 00:12:08,Dividend,O/USD,0.03 ,-,0.03 ,"2,242.02 ",60.09 ,2394930836,Stocks,0.00 
15/11/2023 00:12:08,Dividend,O/USD,0.03 ,-,0.03 ,"2,242.05 ",60.12 ,2395830103,Stocks,0.00 
15/11/2023 00:12:08,Dividend,O/USD,0.03 ,-,0.03 ,"2,242.08 ",60.15 ,2396798496,Stocks,0.00 
15/11/2023 00:12:08,Dividend,O/USD,0.03 ,-,0.03 ,"2,242.11 ",60.18 ,2397458892,Stocks,0.00 
15/11/2023 00:12:08,Dividend,O/USD,0.03 ,-,0.03 ,"2,242.14 ",60.21 ,2398791812,Stocks,0.00 
15/11/2023 00:12:08,Dividend,O/USD,0.04 ,-,0.04 ,"2,242.18 ",60.25 ,2441660511,Stocks,0.00 
15/11/2023 00:12:08,Dividend,O/USD,0.04 ,-,0.04 ,"2,242.22 ",60.29 ,2476484188,Stocks,0.00 
15/11/2023 00:12:08,Dividend,O/USD,0.12 ,-,0.12 ,"2,242.34 ",60.41 ,2512654576,Stocks,0.00 
15/11/2023 00:12:08,Dividend,O/USD,0.04 ,-,0.04 ,"2,242.38 ",60.45 ,2522815064,Stocks,0.00 
15/11/2023 14:31:21,Open Position,AMZN/USD,10.45 ,0.071113,0.00 ,"2,242.38 ",50.00 ,2560093077,Stocks,0.00 
16/11/2023 00:29:33,Dividend,AAPL/USD,0.06 ,-,0.06 ,"2,242.44 ",50.06 ,2149086741,Stocks,0.00 
16/11/2023 00:29:33,Dividend,AAPL/USD,0.03 ,-,0.03 ,"2,242.47 ",50.09 ,2155709084,Stocks,0.00 
16/11/2023 00:29:33,Dividend,AAPL/USD,0.07 ,-,0.07 ,"2,242.54 ",50.16 ,2187159742,Stocks,0.00 
16/11/2023 00:29:33,Dividend,AAPL/USD,0.04 ,-,0.04 ,"2,242.58 ",50.20 ,2347008762,Stocks,0.00 
16/11/2023 00:29:33,Dividend,AAPL/USD,0.01 ,-,0.01 ,"2,242.59 ",50.21 ,2443110647,Stocks,0.00 
22/11/2023 16:23:02,Position closed,ITA/USD,21.45 ,0.182425,1.45 ,"2,244.04 ",71.66 ,2534566041,CFD,0.00 
22/11/2023 16:24:40,Open Position,T/USD,10.00 ,0.617284,0.00 ,"2,244.04 ",61.66 ,2563930008,Stocks,0.00 
22/11/2023 16:25:59,Open Position,NDAQ/USD,11.66 ,0.211577,0.00 ,"2,244.04 ",50.00 ,2563930544,Stocks,0.00 
01/12/2023 00:14:36,Dividend,INTC/USD,0.14 ,-,0.14 ,"2,244.18 ",50.14 ,1291793597,Stocks,0.00 
01/12/2023 00:14:36,Dividend,INTC/USD,0.07 ,-,0.07 ,"2,244.25 ",50.21 ,2187160781,Stocks,0.00 
01/12/2023 00:14:36,Dividend,INTC/USD,0.11 ,-,0.11 ,"2,244.36 ",50.32 ,2347008853,Stocks,0.00 
01/12/2023 00:14:36,Dividend,INTC/USD,0.06 ,-,0.06 ,"2,244.42 ",50.38 ,2385560783,Stocks,0.00 
01/12/2023 00:14:36,Dividend,INTC/USD,0.06 ,-,0.06 ,"2,244.48 ",50.44 ,2396799346,Stocks,0.00 
01/12/2023 00:14:36,Dividend,INTC/USD,0.03 ,-,0.03 ,"2,244.51 ",50.47 ,2423194375,Stocks,0.00 
01/12/2023 00:14:36,Dividend,INTC/USD,0.03 ,-,0.03 ,"2,244.54 ",50.50 ,2495683673,Stocks,0.00 
01/12/2023 00:14:36,Dividend,INTC/USD,0.03 ,-,0.03 ,"2,244.57 ",50.53 ,2522111492,Stocks,0.00 
01/12/2023 20:37:31,Open Position,BLK/USD,10.53 ,0.013918,0.00 ,"2,244.57 ",40.00 ,2568120689,Stocks,0.00 
07/12/2023 14:30:27,Open Position,C/USD,20.00 ,0.416060,0.00 ,"2,244.57 ",20.00 ,2571196743,Stocks,0.00 
11/12/2023 00:05:44,Dividend,CVX/USD,0.08 ,-,0.08 ,"2,244.65 ",20.08 ,2385557052,Stocks,0.00 
11/12/2023 19:39:52,Open Position,NFLX/USD,10.08 ,0.021798,0.00 ,"2,244.65 ",10.00 ,2573500635,Stocks,0.00 
13/12/2023 03:52:15,Deposit,60.00 USD CreditCard,60.00 ,-,60.00 ,"2,304.65 ",70.00 ,-,-,0.00 
13/12/2023 14:30:13,Open Position,NVDA/USD,20.00 ,0.041894,0.00 ,"2,304.65 ",50.00 ,2574656518,Stocks,0.00 
14/12/2023 00:32:57,Dividend,MSFT/USD,0.02 ,-,0.02 ,"2,304.67 ",50.02 ,2539999733,Stocks,0.00 
14/12/2023 14:30:32,Open Position,MSFT/USD,10.02 ,0.026881,0.00 ,"2,304.67 ",40.00 ,2575922330,Stocks,0.00 
15/12/2023 01:06:43,Dividend,KO/USD,0.39 ,-,0.39 ,"2,305.06 ",40.39 ,2187166552,Stocks,0.00 
15/12/2023 01:06:43,Dividend,KO/USD,0.07 ,-,0.07 ,"2,305.13 ",40.46 ,2394114428,Stocks,0.00 
15/12/2023 01:06:43,Dividend,KO/USD,0.07 ,-,0.07 ,"2,305.20 ",40.53 ,2401978540,Stocks,0.00 
15/12/2023 01:06:43,Dividend,KO/USD,0.07 ,-,0.07 ,"2,305.27 ",40.60 ,2402997911,Stocks,0.00 
15/12/2023 01:06:43,Dividend,KO/USD,0.07 ,-,0.07 ,"2,305.34 ",40.67 ,2404212596,Stocks,0.00 
15/12/2023 01:06:43,Dividend,KO/USD,0.13 ,-,0.13 ,"2,305.47 ",40.80 ,2406034831,Stocks,0.00 
15/12/2023 01:06:43,Dividend,KO/USD,0.06 ,-,0.06 ,"2,305.53 ",40.86 ,2464938542,Stocks,0.00 
15/12/2023 01:06:43,Dividend,KO/USD,0.07 ,-,0.07 ,"2,305.60 ",40.93 ,2482109814,Stocks,0.00 
15/12/2023 01:06:43,Dividend,KO/USD,0.22 ,-,0.22 ,"2,305.82 ",41.15 ,2542945587,Stocks,0.00 
15/12/2023 01:06:43,Dividend,KO/USD,0.08 ,-,0.08 ,"2,305.90 ",41.23 ,2556577318,Stocks,0.00 
15/12/2023 01:06:43,Dividend,O/USD,0.03 ,-,0.03 ,"2,305.93 ",41.26 ,2348193684,Stocks,0.00 
15/12/2023 01:06:43,Dividend,O/USD,0.03 ,-,0.03 ,"2,305.96 ",41.29 ,2385562140,Stocks,0.00 
15/12/2023 01:06:43,Dividend,O/USD,0.03 ,-,0.03 ,"2,305.99 ",41.32 ,2394930836,Stocks,0.00 
15/12/2023 01:06:43,Dividend,O/USD,0.03 ,-,0.03 ,"2,306.02 ",41.35 ,2395830103,Stocks,0.00 
15/12/2023 01:06:43,Dividend,O/USD,0.03 ,-,0.03 ,"2,306.05 ",41.38 ,2396798496,Stocks,0.00 
15/12/2023 01:06:43,Dividend,O/USD,0.03 ,-,0.03 ,"2,306.08 ",41.41 ,2397458892,Stocks,0.00 
15/12/2023 01:06:43,Dividend,O/USD,0.03 ,-,0.03 ,"2,306.11 ",41.44 ,2398791812,Stocks,0.00 
15/12/2023 01:06:43,Dividend,O/USD,0.04 ,-,0.04 ,"2,306.15 ",41.48 ,2441660511,Stocks,0.00 
15/12/2023 01:06:43,Dividend,O/USD,0.04 ,-,0.04 ,"2,306.19 ",41.52 ,2476484188,Stocks,0.00 
15/12/2023 01:06:43,Dividend,O/USD,0.12 ,-,0.12 ,"2,306.31 ",41.64 ,2512654576,Stocks,0.00 
15/12/2023 01:06:43,Dividend,O/USD,0.04 ,-,0.04 ,"2,306.35 ",41.68 ,2522815064,Stocks,0.00 
15/12/2023 14:30:49,Open Position,PK/USD,16.74 ,1.000000,0.00 ,"2,306.35 ",24.94 ,2577222575,Stocks,0.00 
16/12/2023 00:09:13,Dividend,SPY/USD,0.04 ,-,0.04 ,"2,306.39 ",24.98 ,2413917649,CFD,0.00 
16/12/2023 00:09:13,Dividend,SPY/USD,0.04 ,-,0.04 ,"2,306.43 ",25.02 ,2415511766,CFD,0.00 
16/12/2023 00:09:13,Dividend,SPY/USD,0.04 ,-,0.04 ,"2,306.47 ",25.06 ,2416275861,CFD,0.00 
16/12/2023 00:09:13,Dividend,SPY/USD,0.04 ,-,0.04 ,"2,306.51 ",25.10 ,2425138397,CFD,0.00 
16/12/2023 00:09:13,Dividend,SPY/USD,0.04 ,-,0.04 ,"2,306.55 ",25.14 ,2431784489,CFD,0.00 
16/12/2023 00:09:13,Dividend,SPY/USD,0.04 ,-,0.04 ,"2,306.59 ",25.18 ,2437778608,CFD,0.00 
16/12/2023 00:09:13,Dividend,SPY/USD,0.04 ,-,0.04 ,"2,306.63 ",25.22 ,2438402480,CFD,0.00 
16/12/2023 00:09:13,Dividend,SPY/USD,0.04 ,-,0.04 ,"2,306.67 ",25.26 ,2440458918,CFD,0.00 
16/12/2023 00:09:13,Dividend,SPY/USD,0.04 ,-,0.04 ,"2,306.71 ",25.30 ,2441110114,CFD,0.00 
16/12/2023 00:09:13,Dividend,SPY/USD,0.04 ,-,0.04 ,"2,306.75 ",25.34 ,2442342413,CFD,0.00 
16/12/2023 00:09:13,Dividend,SPY/USD,0.08 ,-,0.08 ,"2,306.83 ",25.42 ,2445015667,CFD,0.00 
16/12/2023 00:09:13,Dividend,SPY/USD,0.04 ,-,0.04 ,"2,306.87 ",25.46 ,2445747600,CFD,0.00 
16/12/2023 00:09:13,Dividend,SPY/USD,0.04 ,-,0.04 ,"2,306.91 ",25.50 ,2446536172,CFD,0.00 
16/12/2023 00:09:13,Dividend,SPY/USD,0.04 ,-,0.04 ,"2,306.95 ",25.54 ,2447348810,CFD,0.00 
16/12/2023 00:09:13,Dividend,SPY/USD,0.04 ,-,0.04 ,"2,306.99 ",25.58 ,2448088110,CFD,0.00 
16/12/2023 00:09:13,Dividend,SPY/USD,0.08 ,-,0.08 ,"2,307.07 ",25.66 ,2449085723,CFD,0.00 
16/12/2023 00:09:13,Dividend,SPY/USD,0.04 ,-,0.04 ,"2,307.11 ",25.70 ,2450369597,CFD,0.00 
16/12/2023 00:09:13,Dividend,SPY/USD,0.04 ,-,0.04 ,"2,307.15 ",25.74 ,2451527978,CFD,0.00 
16/12/2023 00:09:13,Dividend,SPY/USD,0.04 ,-,0.04 ,"2,307.19 ",25.78 ,2451790898,CFD,0.00 
16/12/2023 00:09:13,Dividend,SPY/USD,0.04 ,-,0.04 ,"2,307.23 ",25.82 ,2452822837,CFD,0.00 
16/12/2023 00:09:13,Dividend,SPY/USD,0.04 ,-,0.04 ,"2,307.27 ",25.86 ,2453752410,CFD,0.00 
16/12/2023 00:09:13,Dividend,SPY/USD,0.04 ,-,0.04 ,"2,307.31 ",25.90 ,2454318023,CFD,0.00 
16/12/2023 00:09:13,Dividend,SPY/USD,0.09 ,-,0.09 ,"2,307.40 ",25.99 ,2455861972,CFD,0.00 
16/12/2023 00:09:13,Dividend,SPY/USD,0.04 ,-,0.04 ,"2,307.44 ",26.03 ,2457017561,CFD,0.00 
16/12/2023 00:09:13,Dividend,SPY/USD,0.04 ,-,0.04 ,"2,307.48 ",26.07 ,2458123686,CFD,0.00 
16/12/2023 00:09:13,Dividend,SPY/USD,0.11 ,-,0.11 ,"2,307.59 ",26.18 ,2460960972,CFD,0.00 
16/12/2023 00:09:13,Dividend,SPY/USD,0.04 ,-,0.04 ,"2,307.63 ",26.22 ,2461786763,CFD,0.00 
16/12/2023 00:09:13,Dividend,SPY/USD,0.04 ,-,0.04 ,"2,307.67 ",26.26 ,2462493312,CFD,0.00 
16/12/2023 00:09:13,Dividend,SPY/USD,0.07 ,-,0.07 ,"2,307.74 ",26.33 ,2464938252,CFD,0.00 
16/12/2023 00:09:13,Dividend,SPY/USD,0.04 ,-,0.04 ,"2,307.78 ",26.37 ,2465878818,CFD,0.00 
16/12/2023 00:09:13,Dividend,SPY/USD,0.04 ,-,0.04 ,"2,307.82 ",26.41 ,2466621158,CFD,0.00 
16/12/2023 00:09:13,Dividend,SPY/USD,0.04 ,-,0.04 ,"2,307.86 ",26.45 ,2466957117,CFD,0.00 
16/12/2023 00:09:13,Dividend,SPY/USD,0.04 ,-,0.04 ,"2,307.90 ",26.49 ,2472032684,CFD,0.00 
16/12/2023 00:09:13,Dividend,SPY/USD,0.07 ,-,0.07 ,"2,307.97 ",26.56 ,2472743365,CFD,0.00 
16/12/2023 00:09:13,Dividend,SPY/USD,0.04 ,-,0.04 ,"2,308.01 ",26.60 ,2474685821,CFD,0.00 
19/12/2023 00:23:01,Dividend,QQQ/USD,0.02 ,-,0.02 ,"2,308.03 ",26.62 ,2421596765,CFD,0.00 
19/12/2023 00:23:01,Dividend,QQQ/USD,0.02 ,-,0.02 ,"2,308.05 ",26.64 ,2433265241,CFD,0.00 
19/12/2023 00:23:01,Dividend,QQQ/USD,0.02 ,-,0.02 ,"2,308.07 ",26.66 ,2434882453,CFD,0.00 
19/12/2023 00:23:01,Dividend,QQQ/USD,0.02 ,-,0.02 ,"2,308.09 ",26.68 ,2436405698,CFD,0.00 
19/12/2023 00:23:01,Dividend,QQQ/USD,0.02 ,-,0.02 ,"2,308.11 ",26.70 ,2439695554,CFD,0.00 
19/12/2023 00:23:01,Dividend,QQQ/USD,0.02 ,-,0.02 ,"2,308.13 ",26.72 ,2484330268,CFD,0.00 
19/12/2023 00:23:01,Dividend,QQQ/USD,0.02 ,-,0.02 ,"2,308.15 ",26.74 ,2486662343,CFD,0.00 
19/12/2023 00:23:01,Dividend,QQQ/USD,0.02 ,-,0.02 ,"2,308.17 ",26.76 ,2489603207,CFD,0.00 
19/12/2023 00:23:01,Dividend,QQQ/USD,0.02 ,-,0.02 ,"2,308.19 ",26.78 ,2497561497,CFD,0.00 
19/12/2023 00:23:01,Dividend,QQQ/USD,0.02 ,-,0.02 ,"2,308.21 ",26.80 ,2513716111,CFD,0.00 
19/12/2023 00:23:01,Dividend,QQQ/USD,0.02 ,-,0.02 ,"2,308.23 ",26.82 ,2515830968,CFD,0.00 
19/12/2023 00:23:01,Dividend,QQQ/USD,0.04 ,-,0.04 ,"2,308.27 ",26.86 ,2518099434,CFD,0.00 
19/12/2023 00:23:01,Dividend,QQQ/USD,0.02 ,-,0.02 ,"2,308.29 ",26.88 ,2519305708,CFD,0.00 
19/12/2023 00:23:01,Dividend,QQQ/USD,0.02 ,-,0.02 ,"2,308.31 ",26.90 ,2522826302,CFD,0.00 
19/12/2023 00:23:01,Dividend,QQQ/USD,0.02 ,-,0.02 ,"2,308.33 ",26.92 ,2524438482,CFD,0.00 
19/12/2023 19:23:35,Open Position,O/USD,16.92 ,0.296011,0.00 ,"2,308.33 ",10.00 ,2579513275,Stocks,0.00 
21/12/2023 00:24:33,Dividend,VOO/USD,0.04 ,-,0.04 ,"2,308.37 ",10.04 ,2437779641,CFD,0.00 
21/12/2023 00:24:33,Dividend,VOO/USD,0.08 ,-,0.08 ,"2,308.45 ",10.12 ,2477564225,CFD,0.00 
21/12/2023 00:24:33,Dividend,VOO/USD,0.04 ,-,0.04 ,"2,308.49 ",10.16 ,2524451967,CFD,0.00 
22/12/2023 00:12:54,Dividend,BLK/USD,0.07 ,-,0.07 ,"2,308.56 ",10.23 ,2539738620,Stocks,0.00 
22/12/2023 00:12:54,Dividend,BLK/USD,0.06 ,-,0.06 ,"2,308.62 ",10.29 ,2568120689,Stocks,0.00 
22/12/2023 00:12:54,Dividend,NDAQ/USD,0.04 ,-,0.04 ,"2,308.66 ",10.33 ,2497481659,Stocks,0.00 
22/12/2023 00:12:54,Dividend,NDAQ/USD,0.04 ,-,0.04 ,"2,308.70 ",10.37 ,2525896756,Stocks,0.00 
22/12/2023 00:12:54,Dividend,NDAQ/USD,0.04 ,-,0.04 ,"2,308.74 ",10.41 ,2563930544,Stocks,0.00 
26/12/2023 15:17:35,Open Position,GE/USD,10.41 ,0.081743,0.00 ,"2,308.74 ",0.00 ,2582868291,Stocks,0.00 
28/12/2023 00:34:32,Dividend,GS/USD,0.07 ,-,0.07 ,"2,308.81 ",0.07 ,2427566438,Stocks,0.00 
28/12/2023 00:34:32,Dividend,GS/USD,0.07 ,-,0.07 ,"2,308.88 ",0.14 ,2429249628,Stocks,0.00 
28/12/2023 00:34:32,Dividend,GS/USD,0.07 ,-,0.07 ,"2,308.95 ",0.21 ,2440460711,Stocks,0.00 
28/12/2023 00:34:32,Dividend,QQQ/USD,0.01 ,-,0.01 ,"2,308.96 ",0.22 ,2421596765,CFD,0.00 
28/12/2023 00:34:32,Dividend,QQQ/USD,0.01 ,-,0.01 ,"2,308.97 ",0.23 ,2433265241,CFD,0.00 
28/12/2023 00:34:32,Dividend,QQQ/USD,0.01 ,-,0.01 ,"2,308.98 ",0.24 ,2434882453,CFD,0.00 
28/12/2023 00:34:32,Dividend,QQQ/USD,0.01 ,-,0.01 ,"2,308.99 ",0.25 ,2436405698,CFD,0.00 
28/12/2023 00:34:32,Dividend,QQQ/USD,0.01 ,-,0.01 ,"2,309.00 ",0.26 ,2439695554,CFD,0.00 
28/12/2023 00:34:32,Dividend,QQQ/USD,0.01 ,-,0.01 ,"2,309.01 ",0.27 ,2518099434,CFD,0.00 
28/12/2023 00:34:32,Dividend,QQQ/USD,0.01 ,-,0.01 ,"2,309.02 ",0.28 ,2519305708,CFD,0.00 
28/12/2023 00:34:32,Dividend,QQQ/USD,0.01 ,-,0.01 ,"2,309.03 ",0.29 ,2522826302,CFD,0.00 
28/12/2023 00:34:32,Dividend,QQQ/USD,0.01 ,-,0.01 ,"2,309.04 ",0.30 ,2524438482,CFD,0.00 
08/01/2024 20:49:04,Deposit,60.00 USD CreditCard,60.00 ,-,60.00 ,"2,369.04 ",60.30 ,-,-,0.00 
08/01/2024 20:49:04,Deposit Conversion Fee,-,0.00 ,-,0.00 ,"2,369.04 ",60.30 ,-,-,0.00 
09/01/2024 14:30:34,Open Position,UAA/USD,20.30 ,2.481663,0.00 ,"2,369.04 ",40.00 ,2595752678,Stocks,0.00 
09/01/2024 14:30:58,Open Position,GBTC/USD,10.00 ,0.257003,0.00 ,"2,369.04 ",30.00 ,2595786052,ETF,0.00 
09/01/2024 14:30:59,Open Position,DIS/USD,20.00 ,0.219563,0.00 ,"2,369.04 ",10.00 ,2595787410,Stocks,0.00 
09/01/2024 14:31:14,Open Position,C/USD,10.00 ,0.185598,0.00 ,"2,369.04 ",0.00 ,2595816575,Stocks,0.00 
11/01/2024 00:08:43,Dividend,TSM/USD,0.04 ,-,0.04 ,"2,369.08 ",0.04 ,2385560978,Stocks,0.00 
11/01/2024 00:08:43,Dividend,TSM/USD,0.04 ,-,0.04 ,"2,369.12 ",0.08 ,2410704730,Stocks,0.00 
11/01/2024 00:08:43,Dividend,TSM/USD,0.04 ,-,0.04 ,"2,369.16 ",0.12 ,2422293704,Stocks,0.00 
12/01/2024 00:14:33,Dividend,O/USD,0.03 ,-,0.03 ,"2,369.19 ",0.15 ,2348193684,Stocks,0.00 
12/01/2024 00:14:33,Dividend,O/USD,0.03 ,-,0.03 ,"2,369.22 ",0.18 ,2385562140,Stocks,0.00 
12/01/2024 00:14:33,Dividend,O/USD,0.03 ,-,0.03 ,"2,369.25 ",0.21 ,2394930836,Stocks,0.00 
12/01/2024 00:14:33,Dividend,O/USD,0.03 ,-,0.03 ,"2,369.28 ",0.24 ,2395830103,Stocks,0.00 
12/01/2024 00:14:33,Dividend,O/USD,0.03 ,-,0.03 ,"2,369.31 ",0.27 ,2396798496,Stocks,0.00 
12/01/2024 00:14:33,Dividend,O/USD,0.03 ,-,0.03 ,"2,369.34 ",0.30 ,2397458892,Stocks,0.00 
12/01/2024 00:14:33,Dividend,O/USD,0.03 ,-,0.03 ,"2,369.37 ",0.33 ,2398791812,Stocks,0.00 
12/01/2024 00:14:33,Dividend,O/USD,0.04 ,-,0.04 ,"2,369.41 ",0.37 ,2441660511,Stocks,0.00 
12/01/2024 00:14:33,Dividend,O/USD,0.04 ,-,0.04 ,"2,369.45 ",0.41 ,2476484188,Stocks,0.00 
12/01/2024 00:14:33,Dividend,O/USD,0.12 ,-,0.12 ,"2,369.57 ",0.53 ,2512654576,Stocks,0.00 
12/01/2024 00:14:33,Dividend,O/USD,0.04 ,-,0.04 ,"2,369.61 ",0.57 ,2522815064,Stocks,0.00 
12/01/2024 00:14:33,Dividend,O/USD,0.06 ,-,0.06 ,"2,369.67 ",0.63 ,2579513275,Stocks,0.00 
16/01/2024 00:16:22,Dividend,PK/USD,0.79 ,-,0.79 ,"2,370.46 ",1.42 ,2577222575,Stocks,0.00 
16/01/2024 00:16:22,Dividend,PK/USD,0.65 ,-,0.65 ,"2,371.11 ",2.07 ,2577222575,Stocks,0.00 
24/01/2024 00:06:26,Dividend,CSCO/USD,0.12 ,-,0.12 ,"2,371.23 ",2.19 ,2522851486,Stocks,0.00 
24/01/2024 19:13:21,Deposit Conversion Fee,-,0.00 ,-,0.00 ,"2,534.23 ",165.19 ,-,-,0.00 
24/01/2024 19:13:21,Deposit,163.00 USD CreditCard,163.00 ,-,163.00 ,"2,534.23 ",165.19 ,-,-,0.00 
24/01/2024 19:14:31,Open Position,O/USD,15.19 ,0.274138,0.00 ,"2,534.23 ",150.00 ,2607765706,Stocks,0.00 
24/01/2024 19:19:45,Open Position,NFLX/USD,20.00 ,0.036395,0.00 ,"2,534.23 ",130.00 ,2607769185,Stocks,0.00 
25/01/2024 00:04:27,Dividend,GE/USD,0.01 ,-,0.01 ,"2,534.24 ",130.01 ,2347009166,Stocks,0.00 
25/01/2024 00:04:27,Dividend,GE/USD,0.01 ,-,0.01 ,"2,534.25 ",130.02 ,2481201573,Stocks,0.00 
25/01/2024 00:04:27,Dividend,GE/USD,0.01 ,-,0.01 ,"2,534.26 ",130.03 ,2582868291,Stocks,0.00 
29/01/2024 14:30:14,Open Position,MO/USD,41.00 ,1.018381,0.00 ,"2,534.26 ",89.03 ,2610102559,Stocks,0.00 
29/01/2024 14:30:20,Open Position,BTI/USD,30.00 ,0.996016,0.00 ,"2,534.26 ",59.03 ,2610105431,Stocks,0.00 
29/01/2024 14:31:07,Open Position,VZ/USD,43.00 ,1.017270,0.00 ,"2,534.26 ",16.03 ,2610158564,Stocks,0.00 
29/01/2024 14:31:51,Open Position,O/USD,16.03 ,0.291932,0.00 ,"2,534.26 ",0.00 ,2610207502,Stocks,0.00 
31/01/2024 00:13:32,Dividend,JPM/USD,0.07 ,-,0.07 ,"2,534.33 ",0.07 ,2347010117,Stocks,0.00 
31/01/2024 00:13:32,Dividend,JPM/USD,0.06 ,-,0.06 ,"2,534.39 ",0.13 ,2385561957,Stocks,0.00 
31/01/2024 00:13:32,Dividend,JPM/USD,0.07 ,-,0.07 ,"2,534.46 ",0.20 ,2412988281,Stocks,0.00 
31/01/2024 00:13:32,Dividend,JPM/USD,0.07 ,-,0.07 ,"2,534.53 ",0.27 ,2414742563,Stocks,0.00 
31/01/2024 00:13:32,Dividend,JPM/USD,0.06 ,-,0.06 ,"2,534.59 ",0.33 ,2433983029,Stocks,0.00 
31/01/2024 00:13:32,Dividend,JPM/USD,0.07 ,-,0.07 ,"2,534.66 ",0.40 ,2435744915,Stocks,0.00 
31/01/2024 00:13:32,Dividend,JPM/USD,0.06 ,-,0.06 ,"2,534.72 ",0.46 ,2482095447,Stocks,0.00 
31/01/2024 00:13:32,Dividend,JPM/USD,0.06 ,-,0.06 ,"2,534.78 ",0.52 ,2483200575,Stocks,0.00 
01/02/2024 00:14:14,Dividend,T/USD,0.60 ,-,0.60 ,"2,535.38 ",1.12 ,2187160069,Stocks,0.00 
01/02/2024 00:14:14,Dividend,T/USD,0.13 ,-,0.13 ,"2,535.51 ",1.25 ,2347008495,Stocks,0.00 
01/02/2024 00:14:14,Dividend,T/USD,0.12 ,-,0.12 ,"2,535.63 ",1.37 ,2420711848,Stocks,0.00 
01/02/2024 00:14:14,Dividend,T/USD,0.15 ,-,0.15 ,"2,535.78 ",1.52 ,2563930008,Stocks,0.00 
07/02/2024 16:21:34,Deposit,60.00 USD CreditCard,60.00 ,-,60.00 ,"2,595.78 ",61.52 ,-,-,0.00 
07/02/2024 16:21:34,Deposit Conversion Fee,-,0.00 ,-,0.00 ,"2,595.78 ",61.52 ,-,-,0.00 
07/02/2024 16:24:32,Open Position,SPY/USD,11.52 ,0.023148,0.00 ,"2,595.78 ",50.00 ,2619114544,CFD,0.00 
13/02/2024 08:00:08,Open Position,MC.PA/EUR,20.31 ,0.022610,0.00 ,"2,595.78 ",30.00 ,2622885954,Stocks,0.00 
13/02/2024 14:31:07,Open Position,MSFT/USD,10.00 ,0.024657,0.00 ,"2,595.78 ",20.00 ,2623151140,Stocks,0.00 
15/02/2024 00:06:07,Dividend,O/USD,0.03 ,-,0.03 ,"2,595.81 ",20.03 ,2348193684,Stocks,0.00 
15/02/2024 00:06:07,Dividend,O/USD,0.03 ,-,0.03 ,"2,595.84 ",20.06 ,2385562140,Stocks,0.00 
15/02/2024 00:06:07,Dividend,O/USD,0.03 ,-,0.03 ,"2,595.87 ",20.09 ,2394930836,Stocks,0.00 
15/02/2024 00:06:07,Dividend,O/USD,0.03 ,-,0.03 ,"2,595.90 ",20.12 ,2395830103,Stocks,0.00 
15/02/2024 00:06:07,Dividend,O/USD,0.03 ,-,0.03 ,"2,595.93 ",20.15 ,2396798496,Stocks,0.00 
15/02/2024 00:06:07,Dividend,O/USD,0.03 ,-,0.03 ,"2,595.96 ",20.18 ,2397458892,Stocks,0.00 
15/02/2024 00:06:07,Dividend,O/USD,0.03 ,-,0.03 ,"2,595.99 ",20.21 ,2398791812,Stocks,0.00 
15/02/2024 00:06:07,Dividend,O/USD,0.04 ,-,0.04 ,"2,596.03 ",20.25 ,2441660511,Stocks,0.00 
15/02/2024 00:06:07,Dividend,O/USD,0.04 ,-,0.04 ,"2,596.07 ",20.29 ,2476484188,Stocks,0.00 
15/02/2024 00:06:07,Dividend,O/USD,0.12 ,-,0.12 ,"2,596.19 ",20.41 ,2512654576,Stocks,0.00 
15/02/2024 00:06:07,Dividend,O/USD,0.04 ,-,0.04 ,"2,596.23 ",20.45 ,2522815064,Stocks,0.00 
15/02/2024 00:06:07,Dividend,O/USD,0.06 ,-,0.06 ,"2,596.29 ",20.51 ,2579513275,Stocks,0.00 
15/02/2024 00:06:07,Dividend,O/USD,0.06 ,-,0.06 ,"2,596.35 ",20.57 ,2607765706,Stocks,0.00 
15/02/2024 00:06:07,Dividend,O/USD,0.06 ,-,0.06 ,"2,596.41 ",20.63 ,2610207502,Stocks,0.00 
15/02/2024 00:06:08,Dividend,AAPL/USD,0.06 ,-,0.06 ,"2,596.47 ",20.69 ,2149086741,Stocks,0.00 
15/02/2024 00:06:08,Dividend,AAPL/USD,0.03 ,-,0.03 ,"2,596.50 ",20.72 ,2155709084,Stocks,0.00 
15/02/2024 00:06:08,Dividend,AAPL/USD,0.07 ,-,0.07 ,"2,596.57 ",20.79 ,2187159742,Stocks,0.00 
15/02/2024 00:06:08,Dividend,AAPL/USD,0.04 ,-,0.04 ,"2,596.61 ",20.83 ,2347008762,Stocks,0.00 
15/02/2024 00:06:08,Dividend,AAPL/USD,0.01 ,-,0.01 ,"2,596.62 ",20.84 ,2443110647,Stocks,0.00 
20/02/2024 14:30:24,Open Position,O/USD,10.84 ,0.207544,0.00 ,"2,596.62 ",10.00 ,2627966783,Stocks,0.00 
20/02/2024 16:55:20,Open Position,O/USD,10.00 ,0.190404,0.00 ,"2,596.62 ",0.00 ,2628618525,Stocks,0.00 
23/02/2024 00:08:28,Dividend,C/USD,0.19 ,-,0.19 ,"2,596.81 ",0.19 ,2571196743,Stocks,0.00 
23/02/2024 00:08:28,Dividend,C/USD,0.08 ,-,0.08 ,"2,596.89 ",0.27 ,2595816575,Stocks,0.00 
29/02/2024 19:34:58,Deposit Conversion Fee,-,0.00 ,-,0.00 ,"2,676.89 ",80.27 ,-,-,0.00 
29/02/2024 19:34:58,Deposit,80.00 USD CreditCard,80.00 ,-,80.00 ,"2,676.89 ",80.27 ,-,-,0.00 
29/02/2024 19:38:50,Open Position,O/USD,52.27 ,1.002109,0.00 ,"2,676.89 ",28.00 ,2637401636,Stocks,0.00 
29/02/2024 19:42:39,Open Position,WPC/USD,28.00 ,0.496542,0.00 ,"2,676.89 ",0.00 ,2637404782,Stocks,0.00 
01/03/2024 00:28:02,Dividend,INTC/USD,0.14 ,-,0.14 ,"2,677.03 ",0.14 ,1291793597,Stocks,0.00 
01/03/2024 00:28:02,Dividend,INTC/USD,0.07 ,-,0.07 ,"2,677.10 ",0.21 ,2187160781,Stocks,0.00 
01/03/2024 00:28:02,Dividend,INTC/USD,0.11 ,-,0.11 ,"2,677.21 ",0.32 ,2347008853,Stocks,0.00 
01/03/2024 00:28:02,Dividend,INTC/USD,0.06 ,-,0.06 ,"2,677.27 ",0.38 ,2385560783,Stocks,0.00 
01/03/2024 00:28:02,Dividend,INTC/USD,0.06 ,-,0.06 ,"2,677.33 ",0.44 ,2396799346,Stocks,0.00 
01/03/2024 00:28:02,Dividend,INTC/USD,0.03 ,-,0.03 ,"2,677.36 ",0.47 ,2423194375,Stocks,0.00 
01/03/2024 00:28:02,Dividend,INTC/USD,0.03 ,-,0.03 ,"2,677.39 ",0.50 ,2495683673,Stocks,0.00 
01/03/2024 00:28:02,Dividend,INTC/USD,0.03 ,-,0.03 ,"2,677.42 ",0.53 ,2522111492,Stocks,0.00 
08/03/2024 16:13:46,Deposit,240.00 USD CreditCard,240.00 ,-,240.00 ,"2,917.42 ",240.53 ,-,-,0.00 
08/03/2024 16:13:46,Deposit Conversion Fee,-,0.00 ,-,0.00 ,"2,917.42 ",240.53 ,-,-,0.00 
08/03/2024 16:16:50,Open Position,AAPL/USD,40.00 ,0.233304,0.00 ,"2,917.42 ",200.53 ,2648808799,Stocks,0.00 
11/03/2024 00:17:09,Dividend,CVX/USD,0.08 ,-,0.08 ,"2,917.50 ",200.61 ,2385557052,Stocks,0.00 
11/03/2024 12:08:36,Edit Stop Loss,-,(0.31),-,0.00 ,"2,917.50 ",200.30 ,2622885954,-,0.00 
11/03/2024 13:30:07,Open Position,QQQ/USD,50.00 ,0.114208,0.00 ,"2,917.50 ",150.30 ,2650551824,CFD,0.00 
11/03/2024 13:30:14,Open Position,VICI/USD,30.00 ,1.030574,0.00 ,"2,917.50 ",120.30 ,2650560425,Stocks,0.00 
11/03/2024 13:30:22,Open Position,PYPL/USD,20.30 ,0.342963,0.00 ,"2,917.50 ",100.00 ,2650568014,Stocks,0.00 
12/03/2024 18:05:22,Open Position,SBUX/USD,100.00 ,1.082954,0.00 ,"2,917.50 ",0.00 ,2652749671,Stocks,0.00 
14/03/2024 02:13:23,Dividend,MSFT/USD,0.02 ,-,0.02 ,"2,917.52 ",0.02 ,2539999733,Stocks,0.00 
14/03/2024 02:13:23,Dividend,MSFT/USD,0.02 ,-,0.02 ,"2,917.54 ",0.04 ,2575922330,Stocks,0.00 
14/03/2024 02:13:23,Dividend,MSFT/USD,0.02 ,-,0.02 ,"2,917.56 ",0.06 ,2623151140,Stocks,0.00 
15/03/2024 00:39:05,Dividend,O/USD,0.03 ,-,0.03 ,"2,917.59 ",0.09 ,2348193684,Stocks,0.00 
15/03/2024 00:39:05,Dividend,O/USD,0.03 ,-,0.03 ,"2,917.62 ",0.12 ,2385562140,Stocks,0.00 
15/03/2024 00:39:05,Dividend,O/USD,0.03 ,-,0.03 ,"2,917.65 ",0.15 ,2394930836,Stocks,0.00 
15/03/2024 00:39:05,Dividend,O/USD,0.03 ,-,0.03 ,"2,917.68 ",0.18 ,2395830103,Stocks,0.00 
15/03/2024 00:39:05,Dividend,O/USD,0.03 ,-,0.03 ,"2,917.71 ",0.21 ,2396798496,Stocks,0.00 
15/03/2024 00:39:05,Dividend,O/USD,0.03 ,-,0.03 ,"2,917.74 ",0.24 ,2397458892,Stocks,0.00 
15/03/2024 00:39:05,Dividend,O/USD,0.03 ,-,0.03 ,"2,917.77 ",0.27 ,2398791812,Stocks,0.00 
15/03/2024 00:39:05,Dividend,O/USD,0.04 ,-,0.04 ,"2,917.81 ",0.31 ,2441660511,Stocks,0.00 
15/03/2024 00:39:05,Dividend,O/USD,0.04 ,-,0.04 ,"2,917.85 ",0.35 ,2476484188,Stocks,0.00 
15/03/2024 00:39:05,Dividend,O/USD,0.12 ,-,0.12 ,"2,917.97 ",0.47 ,2512654576,Stocks,0.00 
15/03/2024 00:39:05,Dividend,O/USD,0.04 ,-,0.04 ,"2,918.01 ",0.51 ,2522815064,Stocks,0.00 
15/03/2024 00:39:05,Dividend,O/USD,0.06 ,-,0.06 ,"2,918.07 ",0.57 ,2579513275,Stocks,0.00 
15/03/2024 00:39:05,Dividend,O/USD,0.06 ,-,0.06 ,"2,918.13 ",0.63 ,2607765706,Stocks,0.00 
15/03/2024 00:39:05,Dividend,O/USD,0.06 ,-,0.06 ,"2,918.19 ",0.69 ,2610207502,Stocks,0.00 
15/03/2024 00:39:05,Dividend,O/USD,0.05 ,-,0.05 ,"2,918.24 ",0.74 ,2627966783,Stocks,0.00 
15/03/2024 00:39:05,Dividend,O/USD,0.04 ,-,0.04 ,"2,918.28 ",0.78 ,2628618525,Stocks,0.00 
16/03/2024 00:44:08,Dividend,SPY/USD,0.03 ,-,0.03 ,"2,918.31 ",0.81 ,2413917649,CFD,0.00 
16/03/2024 00:44:08,Dividend,SPY/USD,0.03 ,-,0.03 ,"2,918.34 ",0.84 ,2415511766,CFD,0.00 
16/03/2024 00:44:08,Dividend,SPY/USD,0.03 ,-,0.03 ,"2,918.37 ",0.87 ,2416275861,CFD,0.00 
16/03/2024 00:44:08,Dividend,SPY/USD,0.03 ,-,0.03 ,"2,918.40 ",0.90 ,2425138397,CFD,0.00 
16/03/2024 00:44:08,Dividend,SPY/USD,0.03 ,-,0.03 ,"2,918.43 ",0.93 ,2431784489,CFD,0.00 
16/03/2024 00:44:08,Dividend,SPY/USD,0.03 ,-,0.03 ,"2,918.46 ",0.96 ,2437778608,CFD,0.00 
16/03/2024 00:44:08,Dividend,SPY/USD,0.03 ,-,0.03 ,"2,918.49 ",0.99 ,2438402480,CFD,0.00 
16/03/2024 00:44:08,Dividend,SPY/USD,0.03 ,-,0.03 ,"2,918.52 ",1.02 ,2440458918,CFD,0.00 
16/03/2024 00:44:08,Dividend,SPY/USD,0.03 ,-,0.03 ,"2,918.55 ",1.05 ,2441110114,CFD,0.00 
16/03/2024 00:44:08,Dividend,SPY/USD,0.03 ,-,0.03 ,"2,918.58 ",1.08 ,2442342413,CFD,0.00 
16/03/2024 00:44:08,Dividend,SPY/USD,0.07 ,-,0.07 ,"2,918.65 ",1.15 ,2445015667,CFD,0.00 
16/03/2024 00:44:08,Dividend,SPY/USD,0.03 ,-,0.03 ,"2,918.68 ",1.18 ,2445747600,CFD,0.00 
16/03/2024 00:44:08,Dividend,SPY/USD,0.03 ,-,0.03 ,"2,918.71 ",1.21 ,2446536172,CFD,0.00 
16/03/2024 00:44:08,Dividend,SPY/USD,0.03 ,-,0.03 ,"2,918.74 ",1.24 ,2447348810,CFD,0.00 
16/03/2024 00:44:08,Dividend,SPY/USD,0.03 ,-,0.03 ,"2,918.77 ",1.27 ,2448088110,CFD,0.00 
16/03/2024 00:44:08,Dividend,SPY/USD,0.06 ,-,0.06 ,"2,918.83 ",1.33 ,2449085723,CFD,0.00 
16/03/2024 00:44:08,Dividend,SPY/USD,0.03 ,-,0.03 ,"2,918.86 ",1.36 ,2450369597,CFD,0.00 
16/03/2024 00:44:08,Dividend,SPY/USD,0.03 ,-,0.03 ,"2,918.89 ",1.39 ,2451527978,CFD,0.00 
16/03/2024 00:44:08,Dividend,SPY/USD,0.03 ,-,0.03 ,"2,918.92 ",1.42 ,2451790898,CFD,0.00 
16/03/2024 00:44:08,Dividend,SPY/USD,0.03 ,-,0.03 ,"2,918.95 ",1.45 ,2452822837,CFD,0.00 
16/03/2024 00:44:08,Dividend,SPY/USD,0.03 ,-,0.03 ,"2,918.98 ",1.48 ,2453752410,CFD,0.00 
16/03/2024 00:44:08,Dividend,SPY/USD,0.03 ,-,0.03 ,"2,919.01 ",1.51 ,2454318023,CFD,0.00 
16/03/2024 00:44:08,Dividend,SPY/USD,0.07 ,-,0.07 ,"2,919.08 ",1.58 ,2455861972,CFD,0.00 
16/03/2024 00:44:08,Dividend,SPY/USD,0.03 ,-,0.03 ,"2,919.11 ",1.61 ,2457017561,CFD,0.00 
16/03/2024 00:44:08,Dividend,SPY/USD,0.03 ,-,0.03 ,"2,919.14 ",1.64 ,2458123686,CFD,0.00 
16/03/2024 00:44:08,Dividend,SPY/USD,0.09 ,-,0.09 ,"2,919.23 ",1.73 ,2460960972,CFD,0.00 
16/03/2024 00:44:08,Dividend,SPY/USD,0.03 ,-,0.03 ,"2,919.26 ",1.76 ,2461786763,CFD,0.00 
16/03/2024 00:44:08,Dividend,SPY/USD,0.03 ,-,0.03 ,"2,919.29 ",1.79 ,2462493312,CFD,0.00 
16/03/2024 00:44:08,Dividend,SPY/USD,0.06 ,-,0.06 ,"2,919.35 ",1.85 ,2464938252,CFD,0.00 
16/03/2024 00:44:08,Dividend,SPY/USD,0.03 ,-,0.03 ,"2,919.38 ",1.88 ,2465878818,CFD,0.00 
16/03/2024 00:44:08,Dividend,SPY/USD,0.03 ,-,0.03 ,"2,919.41 ",1.91 ,2466621158,CFD,0.00 
16/03/2024 00:44:08,Dividend,SPY/USD,0.03 ,-,0.03 ,"2,919.44 ",1.94 ,2466957117,CFD,0.00 
16/03/2024 00:44:08,Dividend,SPY/USD,0.03 ,-,0.03 ,"2,919.47 ",1.97 ,2472032684,CFD,0.00 
16/03/2024 00:44:08,Dividend,SPY/USD,0.06 ,-,0.06 ,"2,919.53 ",2.03 ,2472743365,CFD,0.00 
16/03/2024 00:44:08,Dividend,SPY/USD,0.03 ,-,0.03 ,"2,919.56 ",2.06 ,2474685821,CFD,0.00 
16/03/2024 00:44:08,Dividend,SPY/USD,0.03 ,-,0.03 ,"2,919.59 ",2.09 ,2619114544,CFD,0.00 
20/03/2024 01:49:04,Dividend,QQQ/USD,0.02 ,-,0.02 ,"2,919.61 ",2.11 ,2421596765,CFD,0.00 
20/03/2024 01:49:04,Dividend,QQQ/USD,0.02 ,-,0.02 ,"2,919.63 ",2.13 ,2433265241,CFD,0.00 
20/03/2024 01:49:04,Dividend,QQQ/USD,0.02 ,-,0.02 ,"2,919.65 ",2.15 ,2434882453,CFD,0.00 
20/03/2024 01:49:04,Dividend,QQQ/USD,0.02 ,-,0.02 ,"2,919.67 ",2.17 ,2436405698,CFD,0.00 
20/03/2024 01:49:04,Dividend,QQQ/USD,0.01 ,-,0.01 ,"2,919.68 ",2.18 ,2439695554,CFD,0.00 
20/03/2024 01:49:04,Dividend,QQQ/USD,0.01 ,-,0.01 ,"2,919.69 ",2.19 ,2484330268,CFD,0.00 
20/03/2024 01:49:04,Dividend,QQQ/USD,0.01 ,-,0.01 ,"2,919.70 ",2.20 ,2486662343,CFD,0.00 
20/03/2024 01:49:04,Dividend,QQQ/USD,0.01 ,-,0.01 ,"2,919.71 ",2.21 ,2489603207,CFD,0.00 
20/03/2024 01:49:04,Dividend,QQQ/USD,0.01 ,-,0.01 ,"2,919.72 ",2.22 ,2497561497,CFD,0.00 
20/03/2024 01:49:04,Dividend,QQQ/USD,0.01 ,-,0.01 ,"2,919.73 ",2.23 ,2513716111,CFD,0.00 
20/03/2024 01:49:04,Dividend,QQQ/USD,0.01 ,-,0.01 ,"2,919.74 ",2.24 ,2515830968,CFD,0.00 
20/03/2024 01:49:04,Dividend,QQQ/USD,0.03 ,-,0.03 ,"2,919.77 ",2.27 ,2518099434,CFD,0.00 
20/03/2024 01:49:04,Dividend,QQQ/USD,0.01 ,-,0.01 ,"2,919.78 ",2.28 ,2519305708,CFD,0.00 
20/03/2024 01:49:04,Dividend,QQQ/USD,0.01 ,-,0.01 ,"2,919.79 ",2.29 ,2522826302,CFD,0.00 
20/03/2024 01:49:04,Dividend,QQQ/USD,0.01 ,-,0.01 ,"2,919.80 ",2.30 ,2524438482,CFD,0.00 
20/03/2024 01:49:04,Dividend,QQQ/USD,0.06 ,-,0.06 ,"2,919.86 ",2.36 ,2650551824,CFD,0.00 
22/03/2024 01:14:43,Dividend,BLK/USD,0.07 ,-,0.07 ,"2,919.93 ",2.43 ,2539738620,Stocks,0.00 
22/03/2024 01:14:43,Dividend,BLK/USD,0.06 ,-,0.06 ,"2,919.99 ",2.49 ,2568120689,Stocks,0.00 
26/03/2024 01:42:56,Dividend,META/USD,0.08 ,-,0.08 ,"2,920.07 ",2.57 ,2149124237,Stocks,0.00 
27/03/2024 02:49:16,Dividend,VOO/USD,0.03 ,-,0.03 ,"2,920.10 ",2.60 ,2437779641,CFD,0.00 
27/03/2024 02:49:16,Dividend,VOO/USD,0.07 ,-,0.07 ,"2,920.17 ",2.67 ,2477564225,CFD,0.00 
27/03/2024 02:49:16,Dividend,VOO/USD,0.03 ,-,0.03 ,"2,920.20 ",2.70 ,2524451967,CFD,0.00 
28/03/2024 00:24:29,Dividend,GS/USD,0.07 ,-,0.07 ,"2,920.27 ",2.77 ,2427566438,Stocks,0.00 
28/03/2024 00:24:29,Dividend,GS/USD,0.07 ,-,0.07 ,"2,920.34 ",2.84 ,2429249628,Stocks,0.00 
28/03/2024 00:24:29,Dividend,GS/USD,0.07 ,-,0.07 ,"2,920.41 ",2.91 ,2440460711,Stocks,0.00 
28/03/2024 00:47:56,Dividend,NDAQ/USD,0.04 ,-,0.04 ,"2,920.45 ",2.95 ,2497481659,Stocks,0.00 
28/03/2024 00:47:56,Dividend,NDAQ/USD,0.04 ,-,0.04 ,"2,920.49 ",2.99 ,2525896756,Stocks,0.00 
28/03/2024 00:47:56,Dividend,NDAQ/USD,0.04 ,-,0.04 ,"2,920.53 ",3.03 ,2563930544,Stocks,0.00 
01/04/2024 00:45:58,Dividend,KO/USD,0.41 ,-,0.41 ,"2,920.94 ",3.44 ,2187166552,Stocks,0.00 
01/04/2024 00:45:58,Dividend,KO/USD,0.07 ,-,0.07 ,"2,921.01 ",3.51 ,2394114428,Stocks,0.00 
01/04/2024 00:45:58,Dividend,KO/USD,0.07 ,-,0.07 ,"2,921.08 ",3.58 ,2401978540,Stocks,0.00 
01/04/2024 00:45:58,Dividend,KO/USD,0.07 ,-,0.07 ,"2,921.15 ",3.65 ,2402997911,Stocks,0.00 
01/04/2024 00:45:58,Dividend,KO/USD,0.07 ,-,0.07 ,"2,921.22 ",3.72 ,2404212596,Stocks,0.00 
01/04/2024 00:45:58,Dividend,KO/USD,0.14 ,-,0.14 ,"2,921.36 ",3.86 ,2406034831,Stocks,0.00 
01/04/2024 00:45:58,Dividend,KO/USD,0.07 ,-,0.07 ,"2,921.43 ",3.93 ,2464938542,Stocks,0.00 
01/04/2024 00:45:58,Dividend,KO/USD,0.07 ,-,0.07 ,"2,921.50 ",4.00 ,2482109814,Stocks,0.00 
01/04/2024 00:45:58,Dividend,KO/USD,0.23 ,-,0.23 ,"2,921.73 ",4.23 ,2542945587,Stocks,0.00 
01/04/2024 00:45:58,Dividend,KO/USD,0.08 ,-,0.08 ,"2,921.81 ",4.31 ,2556577318,Stocks,0.00 
03/04/2024 12:31:14,Open Position,GEV/USD,0.00 ,0.073030,0.00 ,"2,921.81 ",4.31 ,2674494929,Stocks,0.00 
04/04/2024 00:52:57,Dividend,VICI/USD,0.36 ,-,0.36 ,"2,922.17 ",4.67 ,2650560425,Stocks,0.00 
11/04/2024 01:23:42,Dividend,TSM/USD,0.04 ,-,0.04 ,"2,922.21 ",4.71 ,2385560978,Stocks,0.00 
11/04/2024 01:23:42,Dividend,TSM/USD,0.05 ,-,0.05 ,"2,922.26 ",4.76 ,2410704730,Stocks,0.00 
11/04/2024 01:23:42,Dividend,TSM/USD,0.05 ,-,0.05 ,"2,922.31 ",4.81 ,2422293704,Stocks,0.00 
12/04/2024 14:01:28,Deposit Conversion Fee,-,0.00 ,-,0.00 ,"3,022.31 ",104.81 ,-,-,0.00 
12/04/2024 14:01:28,Deposit,100.00 USD CreditCard,100.00 ,-,100.00 ,"3,022.31 ",104.81 ,-,-,0.00 
15/04/2024 00:18:05,Dividend,O/USD,0.03 ,-,0.03 ,"3,022.34 ",104.84 ,2348193684,Stocks,0.00 
15/04/2024 00:18:05,Dividend,O/USD,0.03 ,-,0.03 ,"3,022.37 ",104.87 ,2385562140,Stocks,0.00 
15/04/2024 00:18:05,Dividend,O/USD,0.03 ,-,0.03 ,"3,022.40 ",104.90 ,2394930836,Stocks,0.00 
15/04/2024 00:18:05,Dividend,O/USD,0.03 ,-,0.03 ,"3,022.43 ",104.93 ,2395830103,Stocks,0.00 
15/04/2024 00:18:05,Dividend,O/USD,0.03 ,-,0.03 ,"3,022.46 ",104.96 ,2396798496,Stocks,0.00 
15/04/2024 00:18:05,Dividend,O/USD,0.03 ,-,0.03 ,"3,022.49 ",104.99 ,2397458892,Stocks,0.00 
15/04/2024 00:18:05,Dividend,O/USD,0.03 ,-,0.03 ,"3,022.52 ",105.02 ,2398791812,Stocks,0.00 
15/04/2024 00:18:05,Dividend,O/USD,0.04 ,-,0.04 ,"3,022.56 ",105.06 ,2441660511,Stocks,0.00 
15/04/2024 00:18:05,Dividend,O/USD,0.04 ,-,0.04 ,"3,022.60 ",105.10 ,2476484188,Stocks,0.00 
15/04/2024 00:18:05,Dividend,O/USD,0.12 ,-,0.12 ,"3,022.72 ",105.22 ,2512654576,Stocks,0.00 
15/04/2024 00:18:05,Dividend,O/USD,0.04 ,-,0.04 ,"3,022.76 ",105.26 ,2522815064,Stocks,0.00 
15/04/2024 00:18:05,Dividend,O/USD,0.06 ,-,0.06 ,"3,022.82 ",105.32 ,2579513275,Stocks,0.00 
15/04/2024 00:18:05,Dividend,O/USD,0.06 ,-,0.06 ,"3,022.88 ",105.38 ,2607765706,Stocks,0.00 
15/04/2024 00:18:05,Dividend,O/USD,0.06 ,-,0.06 ,"3,022.94 ",105.44 ,2610207502,Stocks,0.00 
15/04/2024 00:18:05,Dividend,O/USD,0.05 ,-,0.05 ,"3,022.99 ",105.49 ,2627966783,Stocks,0.00 
15/04/2024 00:18:05,Dividend,O/USD,0.04 ,-,0.04 ,"3,023.03 ",105.53 ,2628618525,Stocks,0.00 
15/04/2024 00:18:05,Dividend,O/USD,0.22 ,-,0.22 ,"3,023.25 ",105.75 ,2637401636,Stocks,0.00 
15/04/2024 00:48:46,Dividend,PK/USD,0.21 ,-,0.21 ,"3,023.46 ",105.96 ,2577222575,Stocks,0.00 
15/04/2024 00:48:46,Dividend,WPC/USD,0.37 ,-,0.37 ,"3,023.83 ",106.33 ,2637404782,Stocks,0.00 
15/04/2024 13:30:13,Open Position,QQQ/USD,20.00 ,0.045199,0.00 ,"3,023.83 ",86.33 ,2685230125,CFD,0.00 
15/04/2024 13:30:21,Open Position,GE/USD,16.33 ,0.103361,0.00 ,"3,023.83 ",70.00 ,2685235201,Stocks,0.00 
15/04/2024 13:30:47,Open Position,SBUX/USD,10.00 ,0.116973,0.00 ,"3,023.83 ",60.00 ,2685251782,Stocks,0.00 
15/04/2024 13:31:28,Open Position,VOO/USD,20.00 ,0.042195,0.00 ,"3,023.83 ",40.00 ,2685281532,CFD,0.00 
15/04/2024 13:31:38,Open Position,SCHD/USD,40.00 ,0.515024,0.00 ,"3,023.83 ",0.00 ,2685290819,CFD,0.00 
24/04/2024 00:26:29,Dividend,CSCO/USD,0.13 ,-,0.13 ,"3,023.96 ",0.13 ,2522851486,Stocks,0.00 
25/04/2024 00:10:01,Dividend,GE/USD,0.03 ,-,0.03 ,"3,023.99 ",0.16 ,2347009166,Stocks,0.00 
25/04/2024 00:10:01,Dividend,GE/USD,0.02 ,-,0.02 ,"3,024.01 ",0.18 ,2481201573,Stocks,0.00 
25/04/2024 00:10:01,Dividend,GE/USD,0.02 ,-,0.02 ,"3,024.03 ",0.20 ,2582868291,Stocks,0.00 
25/04/2024 01:17:52,Dividend,MC.PA/EUR,0.14 ,-,0.14 ,"3,024.17 ",0.34 ,2622885954,Stocks,0.00 
29/04/2024 04:44:23,Deposit,62.00 USD CreditCard,62.00 ,-,62.00 ,"3,086.17 ",62.34 ,-,-,0.00 
29/04/2024 04:44:23,Deposit Conversion Fee,-,0.00 ,-,0.00 ,"3,086.17 ",62.34 ,-,-,0.00 
29/04/2024 13:31:00,Open Position,SOFI/USD,40.00 ,5.479452,0.00 ,"3,086.17 ",22.34 ,2697738141,Stocks,0.00 
29/04/2024 17:07:23,Open Position,SOFI/USD,12.34 ,1.740480,0.00 ,"3,086.17 ",10.00 ,2698406392,Stocks,0.00 
30/04/2024 00:16:52,Dividend,MO/USD,0.85 ,-,0.85 ,"3,087.02 ",10.85 ,2610102559,Stocks,0.00 
30/04/2024 01:03:11,Dividend,JPM/USD,0.07 ,-,0.07 ,"3,087.09 ",10.92 ,2347010117,Stocks,0.00 
30/04/2024 01:03:11,Dividend,JPM/USD,0.07 ,-,0.07 ,"3,087.16 ",10.99 ,2385561957,Stocks,0.00 
30/04/2024 01:03:11,Dividend,JPM/USD,0.08 ,-,0.08 ,"3,087.24 ",11.07 ,2412988281,Stocks,0.00 
30/04/2024 01:03:11,Dividend,JPM/USD,0.08 ,-,0.08 ,"3,087.32 ",11.15 ,2414742563,Stocks,0.00 
30/04/2024 01:03:11,Dividend,JPM/USD,0.07 ,-,0.07 ,"3,087.39 ",11.22 ,2433983029,Stocks,0.00 
30/04/2024 01:03:11,Dividend,JPM/USD,0.07 ,-,0.07 ,"3,087.46 ",11.29 ,2435744915,Stocks,0.00 
30/04/2024 01:03:11,Dividend,JPM/USD,0.06 ,-,0.06 ,"3,087.52 ",11.35 ,2482095447,Stocks,0.00 
30/04/2024 01:03:11,Dividend,JPM/USD,0.06 ,-,0.06 ,"3,087.58 ",11.41 ,2483200575,Stocks,0.00 
01/05/2024 00:09:40,Dividend,T/USD,0.60 ,-,0.60 ,"3,088.18 ",12.01 ,2187160069,Stocks,0.00 
01/05/2024 00:09:40,Dividend,T/USD,0.13 ,-,0.13 ,"3,088.31 ",12.14 ,2347008495,Stocks,0.00 
01/05/2024 00:09:40,Dividend,T/USD,0.12 ,-,0.12 ,"3,088.43 ",12.26 ,2420711848,Stocks,0.00 
01/05/2024 00:09:40,Dividend,T/USD,0.15 ,-,0.15 ,"3,088.58 ",12.41 ,2563930008,Stocks,0.00 
01/05/2024 00:57:43,Dividend,VZ/USD,0.58 ,-,0.58 ,"3,089.16 ",12.99 ,2610158564,Stocks,0.00 
02/05/2024 15:39:34,Open Position,SBUX/USD,12.99 ,0.174832,0.00 ,"3,089.16 ",0.00 ,2701442217,Stocks,0.00 
09/05/2024 01:23:38,Dividend,BTI/USD,0.73 ,-,0.73 ,"3,089.89 ",0.73 ,2610105431,Stocks,0.00 
14/05/2024 18:10:36,Deposit Conversion Fee,-,0.00 ,-,0.00 ,"3,157.89 ",68.73 ,-,-,0.00 
14/05/2024 18:10:36,Deposit,68.00 USD CreditCard,68.00 ,-,68.00 ,"3,157.89 ",68.73 ,-,-,0.00 
14/05/2024 18:12:06,Open Position,INTC/USD,18.73 ,0.607328,0.00 ,"3,157.89 ",50.00 ,2714477725,Stocks,0.00 
14/05/2024 18:22:25,Open Position,T/USD,20.00 ,1.156738,0.00 ,"3,157.89 ",30.00 ,2714485006,Stocks,0.00 
14/05/2024 18:56:40,Open Position,CVX/USD,30.00 ,0.183441,0.00 ,"3,157.89 ",0.00 ,2714508612,Stocks,0.00 
15/05/2024 01:38:19,Dividend,O/USD,0.03 ,-,0.03 ,"3,157.92 ",0.03 ,2348193684,Stocks,0.00 
15/05/2024 01:38:19,Dividend,O/USD,0.03 ,-,0.03 ,"3,157.95 ",0.06 ,2385562140,Stocks,0.00 
15/05/2024 01:38:19,Dividend,O/USD,0.03 ,-,0.03 ,"3,157.98 ",0.09 ,2394930836,Stocks,0.00 
15/05/2024 01:38:19,Dividend,O/USD,0.03 ,-,0.03 ,"3,158.01 ",0.12 ,2395830103,Stocks,0.00 
15/05/2024 01:38:19,Dividend,O/USD,0.03 ,-,0.03 ,"3,158.04 ",0.15 ,2396798496,Stocks,0.00 
15/05/2024 01:38:19,Dividend,O/USD,0.03 ,-,0.03 ,"3,158.07 ",0.18 ,2397458892,Stocks,0.00 
15/05/2024 01:38:19,Dividend,O/USD,0.03 ,-,0.03 ,"3,158.10 ",0.21 ,2398791812,Stocks,0.00 
15/05/2024 01:38:19,Dividend,O/USD,0.04 ,-,0.04 ,"3,158.14 ",0.25 ,2441660511,Stocks,0.00 
15/05/2024 01:38:19,Dividend,O/USD,0.04 ,-,0.04 ,"3,158.18 ",0.29 ,2476484188,Stocks,0.00 
15/05/2024 01:38:19,Dividend,O/USD,0.12 ,-,0.12 ,"3,158.30 ",0.41 ,2512654576,Stocks,0.00 
15/05/2024 01:38:19,Dividend,O/USD,0.04 ,-,0.04 ,"3,158.34 ",0.45 ,2522815064,Stocks,0.00 
15/05/2024 01:38:19,Dividend,O/USD,0.06 ,-,0.06 ,"3,158.40 ",0.51 ,2579513275,Stocks,0.00 
15/05/2024 01:38:19,Dividend,O/USD,0.06 ,-,0.06 ,"3,158.46 ",0.57 ,2607765706,Stocks,0.00 
15/05/2024 01:38:20,Dividend,O/USD,0.06 ,-,0.06 ,"3,158.52 ",0.63 ,2610207502,Stocks,0.00 
15/05/2024 01:38:20,Dividend,O/USD,0.05 ,-,0.05 ,"3,158.57 ",0.68 ,2627966783,Stocks,0.00 
15/05/2024 01:38:20,Dividend,O/USD,0.04 ,-,0.04 ,"3,158.61 ",0.72 ,2628618525,Stocks,0.00 
15/05/2024 01:38:20,Dividend,O/USD,0.22 ,-,0.22 ,"3,158.83 ",0.94 ,2637401636,Stocks,0.00 
16/05/2024 01:54:43,Dividend,AAPL/USD,0.06 ,-,0.06 ,"3,158.89 ",1.00 ,2149086741,Stocks,0.00 
16/05/2024 01:54:43,Dividend,AAPL/USD,0.04 ,-,0.04 ,"3,158.93 ",1.04 ,2155709084,Stocks,0.00 
16/05/2024 01:54:43,Dividend,AAPL/USD,0.07 ,-,0.07 ,"3,159.00 ",1.11 ,2187159742,Stocks,0.00 
16/05/2024 01:54:43,Dividend,AAPL/USD,0.04 ,-,0.04 ,"3,159.04 ",1.15 ,2347008762,Stocks,0.00 
16/05/2024 01:54:43,Dividend,AAPL/USD,0.01 ,-,0.01 ,"3,159.05 ",1.16 ,2443110647,Stocks,0.00 
16/05/2024 01:54:43,Dividend,AAPL/USD,0.05 ,-,0.05 ,"3,159.10 ",1.21 ,2648808799,Stocks,0.00 
17/05/2024 11:17:33,Deposit,130.00 USD CreditCard,130.00 ,-,130.00 ,"3,289.10 ",131.21 ,-,-,0.00 
17/05/2024 11:17:33,Deposit Conversion Fee,-,0.00 ,-,0.00 ,"3,289.10 ",131.21 ,-,-,0.00 
17/05/2024 17:25:48,Open Position,SBUX/USD,31.21 ,0.405009,0.00 ,"3,289.10 ",100.00 ,2717732906,Stocks,0.00 
17/05/2024 19:11:49,Open Position,INTC/USD,19.00 ,0.597860,0.00 ,"3,289.10 ",81.00 ,2717790676,Stocks,0.00 
21/05/2024 18:00:34,Position closed,GBTC/USD,15.97 ,0.257003,5.97 ,"3,295.07 ",96.97 ,2595786052,ETF,0.00 
22/05/2024 13:37:33,Open Position,SBUX/USD,26.97 ,0.347507,0.00 ,"3,295.07 ",70.00 ,2720379070,Stocks,0.00 
24/05/2024 00:29:21,Dividend,C/USD,0.19 ,-,0.19 ,"3,295.26 ",70.19 ,2571196743,Stocks,0.00 
24/05/2024 00:29:21,Dividend,C/USD,0.08 ,-,0.08 ,"3,295.34 ",70.27 ,2595816575,Stocks,0.00 
24/05/2024 00:55:02,Dividend,DBK.DE/EUR,0.36 ,-,0.36 ,"3,295.70 ",70.63 ,2395283345,Stocks,0.00 
24/05/2024 00:55:02,Dividend,DBK.DE/EUR,0.38 ,-,0.38 ,"3,296.08 ",71.01 ,2412829312,Stocks,0.00 
29/05/2024 19:57:44,Open Position,INTC/USD,11.01 ,0.365053,0.00 ,"3,296.08 ",60.00 ,2726723527,Stocks,0.00 
30/05/2024 14:11:57,Open Position,SBUX/USD,60.00 ,0.770515,0.00 ,"3,296.08 ",0.00 ,2727222248,Stocks,0.00 
31/05/2024 00:41:20,Dividend,SBUX/USD,0.52 ,-,0.52 ,"3,296.60 ",0.52 ,2652749671,Stocks,0.00 
31/05/2024 00:41:20,Dividend,SBUX/USD,0.06 ,-,0.06 ,"3,296.66 ",0.58 ,2685251782,Stocks,0.00 
31/05/2024 00:41:20,Dividend,SBUX/USD,0.08 ,-,0.08 ,"3,296.74 ",0.66 ,2701442217,Stocks,0.00 
31/05/2024 19:52:38,Position closed,AMD/USD,31.71 ,0.191185,11.67 ,"3,308.41 ",32.37 ,2525147589,Stocks,0.00 
31/05/2024 19:55:27,Open Position,GOOG/USD,32.37 ,0.186538,0.00 ,"3,308.41 ",0.00 ,2728607367,Stocks,0.00 
01/06/2024 00:49:58,Dividend,INTC/USD,0.14 ,-,0.14 ,"3,308.55 ",0.14 ,1291793597,Stocks,0.00 
01/06/2024 00:49:58,Dividend,INTC/USD,0.07 ,-,0.07 ,"3,308.62 ",0.21 ,2187160781,Stocks,0.00 
01/06/2024 00:49:58,Dividend,INTC/USD,0.11 ,-,0.11 ,"3,308.73 ",0.32 ,2347008853,Stocks,0.00 
01/06/2024 00:49:58,Dividend,INTC/USD,0.06 ,-,0.06 ,"3,308.79 ",0.38 ,2385560783,Stocks,0.00 
01/06/2024 00:49:58,Dividend,INTC/USD,0.06 ,-,0.06 ,"3,308.85 ",0.44 ,2396799346,Stocks,0.00 
01/06/2024 00:49:58,Dividend,INTC/USD,0.03 ,-,0.03 ,"3,308.88 ",0.47 ,2423194375,Stocks,0.00 
01/06/2024 00:49:58,Dividend,INTC/USD,0.03 ,-,0.03 ,"3,308.91 ",0.50 ,2495683673,Stocks,0.00 
01/06/2024 00:49:58,Dividend,INTC/USD,0.03 ,-,0.03 ,"3,308.94 ",0.53 ,2522111492,Stocks,0.00 
09/06/2024 06:17:00,corp action: Split,NVDA/USD 10:1,0.00 ,-,0.00 ,"3,308.94 ",0.53 ,2574656518,Stocks,0.00 
10/06/2024 00:51:40,Dividend,CVX/USD,0.08 ,-,0.08 ,"3,309.02 ",0.61 ,2385557052,Stocks,0.00 
10/06/2024 00:51:40,Dividend,CVX/USD,0.25 ,-,0.25 ,"3,309.27 ",0.86 ,2714508612,Stocks,0.00 
10/06/2024 15:38:53,Position closed,VOO/USD,12.53 ,0.025551,2.53 ,"3,311.80 ",13.39 ,2524451967,CFD,0.00 
10/06/2024 15:38:53,Position closed,VOO/USD,12.93 ,0.026357,2.93 ,"3,314.73 ",26.32 ,2437779641,CFD,0.00 
10/06/2024 15:38:53,Position closed,VOO/USD,20.70 ,0.042195,0.70 ,"3,315.43 ",47.02 ,2685281532,CFD,0.00 
10/06/2024 15:38:53,Position closed,VOO/USD,24.32 ,0.049576,4.32 ,"3,319.75 ",71.34 ,2477564225,CFD,0.00 
10/06/2024 15:44:06,Open Position,NVDA/USD,40.00 ,0.326984,0.00 ,"3,319.75 ",31.34 ,2735944149,Stocks,0.00 
11/06/2024 07:00:02,Open Position,MC.PA/EUR,31.34 ,0.038655,0.00 ,"3,319.75 ",0.00 ,2736287138,Stocks,0.00 
13/06/2024 02:48:24,Dividend,MSFT/USD,0.02 ,-,0.02 ,"3,319.77 ",0.02 ,2539999733,Stocks,0.00 
13/06/2024 02:48:24,Dividend,MSFT/USD,0.02 ,-,0.02 ,"3,319.79 ",0.04 ,2575922330,Stocks,0.00 
13/06/2024 02:48:24,Dividend,MSFT/USD,0.02 ,-,0.02 ,"3,319.81 ",0.06 ,2623151140,Stocks,0.00 
14/06/2024 01:45:08,Dividend,O/USD,0.03 ,-,0.03 ,"3,319.84 ",0.09 ,2348193684,Stocks,0.00 
14/06/2024 01:45:08,Dividend,O/USD,0.03 ,-,0.03 ,"3,319.87 ",0.12 ,2385562140,Stocks,0.00 
14/06/2024 01:45:08,Dividend,O/USD,0.03 ,-,0.03 ,"3,319.90 ",0.15 ,2394930836,Stocks,0.00 
14/06/2024 01:45:08,Dividend,O/USD,0.04 ,-,0.04 ,"3,319.94 ",0.19 ,2395830103,Stocks,0.00 
14/06/2024 01:45:08,Dividend,O/USD,0.04 ,-,0.04 ,"3,319.98 ",0.23 ,2396798496,Stocks,0.00 
14/06/2024 01:45:08,Dividend,O/USD,0.03 ,-,0.03 ,"3,320.01 ",0.26 ,2397458892,Stocks,0.00 
14/06/2024 01:45:08,Dividend,O/USD,0.03 ,-,0.03 ,"3,320.04 ",0.29 ,2398791812,Stocks,0.00 
14/06/2024 01:45:08,Dividend,O/USD,0.04 ,-,0.04 ,"3,320.08 ",0.33 ,2441660511,Stocks,0.00 
14/06/2024 01:45:08,Dividend,O/USD,0.04 ,-,0.04 ,"3,320.12 ",0.37 ,2476484188,Stocks,0.00 
14/06/2024 01:45:08,Dividend,O/USD,0.12 ,-,0.12 ,"3,320.24 ",0.49 ,2512654576,Stocks,0.00 
14/06/2024 01:45:08,Dividend,O/USD,0.04 ,-,0.04 ,"3,320.28 ",0.53 ,2522815064,Stocks,0.00 
14/06/2024 01:45:08,Dividend,O/USD,0.07 ,-,0.07 ,"3,320.35 ",0.60 ,2579513275,Stocks,0.00 
14/06/2024 01:45:08,Dividend,O/USD,0.06 ,-,0.06 ,"3,320.41 ",0.66 ,2607765706,Stocks,0.00 
14/06/2024 01:45:08,Dividend,O/USD,0.07 ,-,0.07 ,"3,320.48 ",0.73 ,2610207502,Stocks,0.00 
14/06/2024 01:45:08,Dividend,O/USD,0.05 ,-,0.05 ,"3,320.53 ",0.78 ,2627966783,Stocks,0.00 
14/06/2024 01:45:08,Dividend,O/USD,0.04 ,-,0.04 ,"3,320.57 ",0.82 ,2628618525,Stocks,0.00 
14/06/2024 01:45:08,Dividend,O/USD,0.22 ,-,0.22 ,"3,320.79 ",1.04 ,2637401636,Stocks,0.00 
17/06/2024 13:02:29,Deposit Conversion Fee,-,0.00 ,-,0.00 ,"3,440.79 ",121.04 ,-,-,0.00 
17/06/2024 13:02:29,Deposit,120.00 USD CreditCard,120.00 ,-,120.00 ,"3,440.79 ",121.04 ,-,-,0.00 
17/06/2024 15:04:54,Open Position,SOFI/USD,51.02 ,7.959438,0.00 ,"3,440.79 ",70.02 ,2741399458,Stocks,0.00 
17/06/2024 15:05:36,Open Position,MC.PA/EUR,30.00 ,0.039135,0.00 ,"3,440.79 ",40.02 ,2741400097,Stocks,0.00 
20/06/2024 02:23:11,Dividend,GOOG/USD,0.02 ,-,0.02 ,"3,440.81 ",40.04 ,2431015787,Stocks,0.00 
20/06/2024 02:23:11,Dividend,GOOG/USD,0.02 ,-,0.02 ,"3,440.83 ",40.06 ,2432558526,Stocks,0.00 
20/06/2024 02:23:11,Dividend,GOOG/USD,0.03 ,-,0.03 ,"3,440.86 ",40.09 ,2728607367,Stocks,0.00 
20/06/2024 13:30:16,Open Position,NKE/USD,30.00 ,0.318336,0.00 ,"3,440.86 ",10.09 ,2743342289,Stocks,0.00 
20/06/2024 13:31:06,Open Position,UAA/USD,10.09 ,1.460203,0.00 ,"3,440.86 ",0.00 ,2743395516,Stocks,0.00 
24/06/2024 00:30:13,Dividend,BLK/USD,0.07 ,-,0.07 ,"3,440.93 ",0.07 ,2539738620,Stocks,0.00 
24/06/2024 00:30:13,Dividend,BLK/USD,0.06 ,-,0.06 ,"3,440.99 ",0.13 ,2568120689,Stocks,0.00 
26/06/2024 02:02:58,Dividend,QQQ/USD,0.02 ,-,0.02 ,"3,441.01 ",0.15 ,2421596765,CFD,0.00 
26/06/2024 02:02:58,Dividend,QQQ/USD,0.02 ,-,0.02 ,"3,441.03 ",0.17 ,2433265241,CFD,0.00 
26/06/2024 02:02:58,Dividend,QQQ/USD,0.02 ,-,0.02 ,"3,441.05 ",0.19 ,2434882453,CFD,0.00 
26/06/2024 02:02:58,Dividend,QQQ/USD,0.02 ,-,0.02 ,"3,441.07 ",0.21 ,2436405698,CFD,0.00 
26/06/2024 02:02:58,Dividend,QQQ/USD,0.02 ,-,0.02 ,"3,441.09 ",0.23 ,2439695554,CFD,0.00 
26/06/2024 02:02:58,Dividend,QQQ/USD,0.02 ,-,0.02 ,"3,441.11 ",0.25 ,2484330268,CFD,0.00 
26/06/2024 02:02:58,Dividend,QQQ/USD,0.02 ,-,0.02 ,"3,441.13 ",0.27 ,2486662343,CFD,0.00 
26/06/2024 02:02:58,Dividend,QQQ/USD,0.02 ,-,0.02 ,"3,441.15 ",0.29 ,2489603207,CFD,0.00 
26/06/2024 02:02:58,Dividend,QQQ/USD,0.02 ,-,0.02 ,"3,441.17 ",0.31 ,2497561497,CFD,0.00 
26/06/2024 02:02:58,Dividend,QQQ/USD,0.02 ,-,0.02 ,"3,441.19 ",0.33 ,2513716111,CFD,0.00 
26/06/2024 02:02:58,Dividend,QQQ/USD,0.02 ,-,0.02 ,"3,441.21 ",0.35 ,2515830968,CFD,0.00 
26/06/2024 02:02:58,Dividend,QQQ/USD,0.04 ,-,0.04 ,"3,441.25 ",0.39 ,2518099434,CFD,0.00 
26/06/2024 02:02:58,Dividend,QQQ/USD,0.02 ,-,0.02 ,"3,441.27 ",0.41 ,2519305708,CFD,0.00 
26/06/2024 02:02:58,Dividend,QQQ/USD,0.02 ,-,0.02 ,"3,441.29 ",0.43 ,2522826302,CFD,0.00 
26/06/2024 02:02:58,Dividend,QQQ/USD,0.02 ,-,0.02 ,"3,441.31 ",0.45 ,2524438482,CFD,0.00 
26/06/2024 02:02:58,Dividend,QQQ/USD,0.07 ,-,0.07 ,"3,441.38 ",0.52 ,2650551824,CFD,0.00 
26/06/2024 02:02:58,Dividend,QQQ/USD,0.03 ,-,0.03 ,"3,441.41 ",0.55 ,2685230125,CFD,0.00 
26/06/2024 02:47:49,Dividend,SPY/USD,0.04 ,-,0.04 ,"3,441.45 ",0.59 ,2413917649,CFD,0.00 
26/06/2024 02:47:49,Dividend,SPY/USD,0.04 ,-,0.04 ,"3,441.49 ",0.63 ,2415511766,CFD,0.00 
26/06/2024 02:47:49,Dividend,SPY/USD,0.04 ,-,0.04 ,"3,441.53 ",0.67 ,2416275861,CFD,0.00 
26/06/2024 02:47:49,Dividend,SPY/USD,0.04 ,-,0.04 ,"3,441.57 ",0.71 ,2425138397,CFD,0.00 
26/06/2024 02:47:49,Dividend,SPY/USD,0.04 ,-,0.04 ,"3,441.61 ",0.75 ,2431784489,CFD,0.00 
26/06/2024 02:47:49,Dividend,SPY/USD,0.04 ,-,0.04 ,"3,441.65 ",0.79 ,2437778608,CFD,0.00 
26/06/2024 02:47:49,Dividend,SPY/USD,0.04 ,-,0.04 ,"3,441.69 ",0.83 ,2438402480,CFD,0.00 
26/06/2024 02:47:49,Dividend,SPY/USD,0.04 ,-,0.04 ,"3,441.73 ",0.87 ,2440458918,CFD,0.00 
26/06/2024 02:47:49,Dividend,SPY/USD,0.04 ,-,0.04 ,"3,441.77 ",0.91 ,2441110114,CFD,0.00 
26/06/2024 02:47:49,Dividend,SPY/USD,0.04 ,-,0.04 ,"3,441.81 ",0.95 ,2442342413,CFD,0.00 
26/06/2024 02:47:49,Dividend,SPY/USD,0.07 ,-,0.07 ,"3,441.88 ",1.02 ,2445015667,CFD,0.00 
26/06/2024 02:47:49,Dividend,SPY/USD,0.04 ,-,0.04 ,"3,441.92 ",1.06 ,2445747600,CFD,0.00 
26/06/2024 02:47:49,Dividend,SPY/USD,0.04 ,-,0.04 ,"3,441.96 ",1.10 ,2446536172,CFD,0.00 
26/06/2024 02:47:49,Dividend,SPY/USD,0.04 ,-,0.04 ,"3,442.00 ",1.14 ,2447348810,CFD,0.00 
26/06/2024 02:47:49,Dividend,SPY/USD,0.04 ,-,0.04 ,"3,442.04 ",1.18 ,2448088110,CFD,0.00 
26/06/2024 02:47:49,Dividend,SPY/USD,0.07 ,-,0.07 ,"3,442.11 ",1.25 ,2449085723,CFD,0.00 
26/06/2024 02:47:49,Dividend,SPY/USD,0.04 ,-,0.04 ,"3,442.15 ",1.29 ,2450369597,CFD,0.00 
26/06/2024 02:47:49,Dividend,SPY/USD,0.04 ,-,0.04 ,"3,442.19 ",1.33 ,2451527978,CFD,0.00 
26/06/2024 02:47:49,Dividend,SPY/USD,0.04 ,-,0.04 ,"3,442.23 ",1.37 ,2451790898,CFD,0.00 
26/06/2024 02:47:49,Dividend,SPY/USD,0.03 ,-,0.03 ,"3,442.26 ",1.40 ,2452822837,CFD,0.00 
26/06/2024 02:47:49,Dividend,SPY/USD,0.03 ,-,0.03 ,"3,442.29 ",1.43 ,2453752410,CFD,0.00 
26/06/2024 02:47:49,Dividend,SPY/USD,0.03 ,-,0.03 ,"3,442.32 ",1.46 ,2454318023,CFD,0.00 
26/06/2024 02:47:49,Dividend,SPY/USD,0.08 ,-,0.08 ,"3,442.40 ",1.54 ,2455861972,CFD,0.00 
26/06/2024 02:47:49,Dividend,SPY/USD,0.03 ,-,0.03 ,"3,442.43 ",1.57 ,2457017561,CFD,0.00 
26/06/2024 02:47:49,Dividend,SPY/USD,0.03 ,-,0.03 ,"3,442.46 ",1.60 ,2458123686,CFD,0.00 
26/06/2024 02:47:49,Dividend,SPY/USD,0.10 ,-,0.10 ,"3,442.56 ",1.70 ,2460960972,CFD,0.00 
26/06/2024 02:47:49,Dividend,SPY/USD,0.03 ,-,0.03 ,"3,442.59 ",1.73 ,2461786763,CFD,0.00 
26/06/2024 02:47:49,Dividend,SPY/USD,0.04 ,-,0.04 ,"3,442.63 ",1.77 ,2462493312,CFD,0.00 
26/06/2024 02:47:49,Dividend,SPY/USD,0.07 ,-,0.07 ,"3,442.70 ",1.84 ,2464938252,CFD,0.00 
26/06/2024 02:47:49,Dividend,SPY/USD,0.03 ,-,0.03 ,"3,442.73 ",1.87 ,2465878818,CFD,0.00 
26/06/2024 02:47:49,Dividend,SPY/USD,0.03 ,-,0.03 ,"3,442.76 ",1.90 ,2466621158,CFD,0.00 
26/06/2024 02:47:49,Dividend,SPY/USD,0.03 ,-,0.03 ,"3,442.79 ",1.93 ,2466957117,CFD,0.00 
26/06/2024 02:47:49,Dividend,SPY/USD,0.04 ,-,0.04 ,"3,442.83 ",1.97 ,2472032684,CFD,0.00 
26/06/2024 02:47:49,Dividend,SPY/USD,0.07 ,-,0.07 ,"3,442.90 ",2.04 ,2472743365,CFD,0.00 
26/06/2024 02:47:49,Dividend,SPY/USD,0.03 ,-,0.03 ,"3,442.93 ",2.07 ,2474685821,CFD,0.00 
26/06/2024 02:47:49,Dividend,SPY/USD,0.03 ,-,0.03 ,"3,442.96 ",2.10 ,2619114544,CFD,0.00 
26/06/2024 03:33:31,Dividend,META/USD,0.08 ,-,0.08 ,"3,443.04 ",2.18 ,2149124237,Stocks,0.00 
27/06/2024 00:37:15,Dividend,GS/USD,0.07 ,-,0.07 ,"3,443.11 ",2.25 ,2427566438,Stocks,0.00 
27/06/2024 00:37:15,Dividend,GS/USD,0.07 ,-,0.07 ,"3,443.18 ",2.32 ,2429249628,Stocks,0.00 
27/06/2024 00:37:15,Dividend,GS/USD,0.07 ,-,0.07 ,"3,443.25 ",2.39 ,2440460711,Stocks,0.00 
27/06/2024 01:08:36,Dividend,SCHD/USD,0.36 ,-,0.36 ,"3,443.61 ",2.75 ,2685290819,CFD,0.00 
28/06/2024 00:28:26,Dividend,NDAQ/USD,0.04 ,-,0.04 ,"3,443.65 ",2.79 ,2497481659,Stocks,0.00 
28/06/2024 00:28:26,Dividend,NDAQ/USD,0.05 ,-,0.05 ,"3,443.70 ",2.84 ,2525896756,Stocks,0.00 
28/06/2024 00:28:26,Dividend,NDAQ/USD,0.04 ,-,0.04 ,"3,443.74 ",2.88 ,2563930544,Stocks,0.00 
01/07/2024 01:08:29,Dividend,KO/USD,0.41 ,-,0.41 ,"3,444.15 ",3.29 ,2187166552,Stocks,0.00 
01/07/2024 01:08:29,Dividend,KO/USD,0.07 ,-,0.07 ,"3,444.22 ",3.36 ,2394114428,Stocks,0.00 
01/07/2024 01:08:29,Dividend,KO/USD,0.07 ,-,0.07 ,"3,444.29 ",3.43 ,2401978540,Stocks,0.00 
01/07/2024 01:08:29,Dividend,KO/USD,0.07 ,-,0.07 ,"3,444.36 ",3.50 ,2402997911,Stocks,0.00 
01/07/2024 01:08:29,Dividend,KO/USD,0.07 ,-,0.07 ,"3,444.43 ",3.57 ,2404212596,Stocks,0.00 
01/07/2024 01:08:29,Dividend,KO/USD,0.14 ,-,0.14 ,"3,444.57 ",3.71 ,2406034831,Stocks,0.00 
01/07/2024 01:08:29,Dividend,KO/USD,0.07 ,-,0.07 ,"3,444.64 ",3.78 ,2464938542,Stocks,0.00 
01/07/2024 01:08:29,Dividend,KO/USD,0.07 ,-,0.07 ,"3,444.71 ",3.85 ,2482109814,Stocks,0.00 
01/07/2024 01:08:29,Dividend,KO/USD,0.23 ,-,0.23 ,"3,444.94 ",4.08 ,2542945587,Stocks,0.00 
01/07/2024 01:08:29,Dividend,KO/USD,0.08 ,-,0.08 ,"3,445.02 ",4.16 ,2556577318,Stocks,0.00 
03/07/2024 00:23:02,Dividend,VICI/USD,0.36 ,-,0.36 ,"3,445.38 ",4.52 ,2650560425,Stocks,0.00 
08/07/2024 14:06:24,Position closed,GEHC/USD,3.08 ,0.039825,3.08 ,"3,448.46 ",7.60 ,2350287677,Stocks,0.00 
08/07/2024 14:06:30,Position closed,GEV/USD,12.91 ,0.073030,12.91 ,"3,461.37 ",20.51 ,2674494929,Stocks,0.00 
08/07/2024 14:12:29,Open Position,PAYO/USD,20.51 ,3.722323,0.00 ,"3,461.37 ",0.00 ,2761963100,Stocks,0.00 
10/07/2024 19:42:54,Position closed,BLK/USD,13.46 ,0.016645,2.90 ,"3,464.27 ",13.46 ,2539738620,Stocks,0.00 
10/07/2024 19:42:54,Position closed,BLK/USD,11.26 ,0.013918,0.73 ,"3,465.00 ",24.72 ,2568120689,Stocks,0.00 
10/07/2024 19:46:35,Position closed,DIS/USD,21.20 ,0.219563,1.20 ,"3,466.20 ",45.92 ,2595787410,Stocks,0.00 
10/07/2024 19:54:56,Position closed,NFLX/USD,14.80 ,0.021798,4.72 ,"3,470.92 ",60.72 ,2573500635,Stocks,0.00 
10/07/2024 19:54:56,Position closed,NFLX/USD,24.72 ,0.036395,4.72 ,"3,475.64 ",85.44 ,2607769185,Stocks,0.00 
10/07/2024 19:55:05,Position closed,GS/USD,14.84 ,0.030960,4.84 ,"3,480.48 ",100.28 ,2440460711,Stocks,0.00 
10/07/2024 19:55:05,Position closed,GS/USD,14.39 ,0.030021,4.39 ,"3,484.87 ",114.67 ,2427566438,Stocks,0.00 
10/07/2024 19:55:05,Position closed,GS/USD,14.02 ,0.029241,4.02 ,"3,488.89 ",128.69 ,2429249628,Stocks,0.00 
10/07/2024 19:56:18,Open Position,NKE/USD,50.00 ,0.689750,0.00 ,"3,488.89 ",78.69 ,2765262144,Stocks,0.00 
10/07/2024 19:56:27,Open Position,MCD/USD,78.69 ,0.314420,0.00 ,"3,488.89 ",0.00 ,2765262213,Stocks,0.00 
12/07/2024 00:15:01,Dividend,MO/USD,0.85 ,-,0.85 ,"3,489.74 ",0.85 ,2610102559,Stocks,0.00 
13/07/2024 00:33:59,Dividend,TSM/USD,0.04 ,-,0.04 ,"3,489.78 ",0.89 ,2385560978,Stocks,0.00 
13/07/2024 00:33:59,Dividend,TSM/USD,0.05 ,-,0.05 ,"3,489.83 ",0.94 ,2410704730,Stocks,0.00 
13/07/2024 00:33:59,Dividend,TSM/USD,0.05 ,-,0.05 ,"3,489.88 ",0.99 ,2422293704,Stocks,0.00 
15/07/2024 00:23:48,Dividend,O/USD,0.04 ,-,0.04 ,"3,489.92 ",1.03 ,2348193684,Stocks,0.00 
15/07/2024 00:23:48,Dividend,O/USD,0.03 ,-,0.03 ,"3,489.95 ",1.06 ,2385562140,Stocks,0.00 
15/07/2024 00:23:48,Dividend,O/USD,0.03 ,-,0.03 ,"3,489.98 ",1.09 ,2394930836,Stocks,0.00 
15/07/2024 00:23:48,Dividend,O/USD,0.04 ,-,0.04 ,"3,490.02 ",1.13 ,2395830103,Stocks,0.00 
15/07/2024 00:23:48,Dividend,O/USD,0.04 ,-,0.04 ,"3,490.06 ",1.17 ,2396798496,Stocks,0.00 
15/07/2024 00:23:48,Dividend,O/USD,0.03 ,-,0.03 ,"3,490.09 ",1.20 ,2397458892,Stocks,0.00 
15/07/2024 00:23:48,Dividend,O/USD,0.03 ,-,0.03 ,"3,490.12 ",1.23 ,2398791812,Stocks,0.00 
15/07/2024 00:23:48,Dividend,O/USD,0.04 ,-,0.04 ,"3,490.16 ",1.27 ,2441660511,Stocks,0.00 
15/07/2024 00:23:48,Dividend,O/USD,0.04 ,-,0.04 ,"3,490.20 ",1.31 ,2476484188,Stocks,0.00 
15/07/2024 00:23:48,Dividend,O/USD,0.12 ,-,0.12 ,"3,490.32 ",1.43 ,2512654576,Stocks,0.00 
15/07/2024 00:23:48,Dividend,O/USD,0.04 ,-,0.04 ,"3,490.36 ",1.47 ,2522815064,Stocks,0.00 
15/07/2024 00:23:48,Dividend,O/USD,0.07 ,-,0.07 ,"3,490.43 ",1.54 ,2579513275,Stocks,0.00 
15/07/2024 00:23:48,Dividend,O/USD,0.06 ,-,0.06 ,"3,490.49 ",1.60 ,2607765706,Stocks,0.00 
15/07/2024 00:23:48,Dividend,O/USD,0.07 ,-,0.07 ,"3,490.56 ",1.67 ,2610207502,Stocks,0.00 
15/07/2024 00:23:48,Dividend,O/USD,0.05 ,-,0.05 ,"3,490.61 ",1.72 ,2627966783,Stocks,0.00 
15/07/2024 00:23:48,Dividend,O/USD,0.04 ,-,0.04 ,"3,490.65 ",1.76 ,2628618525,Stocks,0.00 
15/07/2024 00:23:48,Dividend,O/USD,0.22 ,-,0.22 ,"3,490.87 ",1.98 ,2637401636,Stocks,0.00 
15/07/2024 00:44:28,Dividend,PK/USD,0.21 ,-,0.21 ,"3,491.08 ",2.19 ,2577222575,Stocks,0.00 
15/07/2024 01:36:01,Dividend,WPC/USD,0.37 ,-,0.37 ,"3,491.45 ",2.56 ,2637404782,Stocks,0.00 
17/07/2024 12:56:34,Deposit Conversion Fee,-,0.00 ,-,0.00 ,"3,591.45 ",102.56 ,-,-,0.00 
17/07/2024 12:56:34,Deposit,100.00 USD CreditCard,100.00 ,-,100.00 ,"3,591.45 ",102.56 ,-,-,0.00 
17/07/2024 18:40:46,Open Position,PAYO/USD,22.56 ,4.079566,0.00 ,"3,591.45 ",80.00 ,2771085433,Stocks,0.00 
19/07/2024 13:30:43,Open Position,CRWD/USD,9.98 ,0.170431,0.00 ,"3,591.45 ",70.02 ,2772283822,CFD,0.00 
19/07/2024 16:51:52,Position closed,CRWD/USD,8.11 ,0.170431,(1.87),"3,589.58 ",78.13 ,2772283822,CFD,0.00 
24/07/2024 00:24:21,Dividend,CSCO/USD,0.13 ,-,0.13 ,"3,589.71 ",78.26 ,2522851486,Stocks,0.00 
24/07/2024 14:10:48,Open Position,V/USD,78.26 ,0.305738,0.00 ,"3,589.71 ",0.00 ,2775339526,Stocks,0.00 
25/07/2024 00:03:12,Dividend,GE/USD,0.03 ,-,0.03 ,"3,589.74 ",0.03 ,2347009166,Stocks,0.00 
25/07/2024 00:03:12,Dividend,GE/USD,0.02 ,-,0.02 ,"3,589.76 ",0.05 ,2481201573,Stocks,0.00 
25/07/2024 00:03:12,Dividend,GE/USD,0.02 ,-,0.02 ,"3,589.78 ",0.07 ,2582868291,Stocks,0.00 
25/07/2024 00:03:12,Dividend,GE/USD,0.02 ,-,0.02 ,"3,589.80 ",0.09 ,2685235201,Stocks,0.00 
25/07/2024 01:36:43,Dividend,DIS/USD,0.08 ,-,0.08 ,"3,589.88 ",0.17 ,2595787410,Stocks,0.00 
25/07/2024 10:10:12,Deposit,100.00 USD CreditCard,100.00 ,-,100.00 ,"3,689.88 ",100.17 ,-,-,0.00 
25/07/2024 10:10:12,Deposit Conversion Fee,-,0.00 ,-,0.00 ,"3,689.88 ",100.17 ,-,-,0.00 
25/07/2024 14:55:04,Open Position,NVDA/USD,50.17 ,0.435390,0.00 ,"3,689.88 ",50.00 ,2776676727,Stocks,0.00 
25/07/2024 14:58:20,Open Position,DBK.DE/EUR,31.52 ,2.000000,0.00 ,"3,689.88 ",18.48 ,2776682688,Stocks,0.00 
25/07/2024 14:59:30,Open Position,SBUX/USD,18.48 ,0.248387,0.00 ,"3,689.88 ",0.00 ,2776684832,Stocks,0.00 
30/07/2024 15:50:23,Position closed,PYPL/USD,21.44 ,0.342963,1.14 ,"3,691.02 ",21.44 ,2650568014,Stocks,0.00 
31/07/2024 01:10:38,Dividend,JPM/USD,0.07 ,-,0.07 ,"3,691.09 ",21.51 ,2347010117,Stocks,0.00 
31/07/2024 01:10:38,Dividend,JPM/USD,0.07 ,-,0.07 ,"3,691.16 ",21.58 ,2385561957,Stocks,0.00 
31/07/2024 01:10:38,Dividend,JPM/USD,0.08 ,-,0.08 ,"3,691.24 ",21.66 ,2412988281,Stocks,0.00 
31/07/2024 01:10:38,Dividend,JPM/USD,0.08 ,-,0.08 ,"3,691.32 ",21.74 ,2414742563,Stocks,0.00 
31/07/2024 01:10:38,Dividend,JPM/USD,0.07 ,-,0.07 ,"3,691.39 ",21.81 ,2433983029,Stocks,0.00 
31/07/2024 01:10:38,Dividend,JPM/USD,0.07 ,-,0.07 ,"3,691.46 ",21.88 ,2435744915,Stocks,0.00 
31/07/2024 01:10:38,Dividend,JPM/USD,0.06 ,-,0.06 ,"3,691.52 ",21.94 ,2482095447,Stocks,0.00 
31/07/2024 01:10:38,Dividend,JPM/USD,0.06 ,-,0.06 ,"3,691.58 ",22.00 ,2483200575,Stocks,0.00 
31/07/2024 19:58:47,Open Position,NVDA/USD,22.00 ,0.188002,0.00 ,"3,691.58 ",0.00 ,2780860114,Stocks,0.00 
01/08/2024 00:13:12,Dividend,T/USD,0.60 ,-,0.60 ,"3,692.18 ",0.60 ,2187160069,Stocks,0.00 
01/08/2024 00:13:12,Dividend,T/USD,0.13 ,-,0.13 ,"3,692.31 ",0.73 ,2347008495,Stocks,0.00 
01/08/2024 00:13:12,Dividend,T/USD,0.12 ,-,0.12 ,"3,692.43 ",0.85 ,2420711848,Stocks,0.00 
01/08/2024 00:13:12,Dividend,T/USD,0.15 ,-,0.15 ,"3,692.58 ",1.00 ,2563930008,Stocks,0.00 
01/08/2024 00:13:12,Dividend,T/USD,0.27 ,-,0.27 ,"3,692.85 ",1.27 ,2714485006,Stocks,0.00 
01/08/2024 00:27:03,Dividend,VZ/USD,0.58 ,-,0.58 ,"3,693.43 ",1.85 ,2610158564,Stocks,0.00 
05/08/2024 15:15:33,Deposit Conversion Fee,-,0.00 ,-,0.00 ,"4,093.43 ",401.85 ,-,-,0.00 
05/08/2024 15:15:33,Deposit,400.00 USD CreditCard,400.00 ,-,400.00 ,"4,093.43 ",401.85 ,-,-,0.00 
05/08/2024 15:44:35,Open Position,NVDA/USD,51.85 ,0.514793,0.00 ,"4,093.43 ",350.00 ,2785426188,Stocks,0.00 
05/08/2024 15:49:17,Open Position,MSFT/USD,50.00 ,0.125634,0.00 ,"4,093.43 ",300.00 ,2785450932,Stocks,0.00 
05/08/2024 15:54:51,Open Position,SPY/USD,49.99 ,0.095952,0.00 ,"4,093.43 ",250.01 ,2785460735,CFD,0.00 
05/08/2024 15:57:47,Open Position,AMZN/USD,50.01 ,0.311647,0.00 ,"4,093.43 ",200.00 ,2785464618,Stocks,0.00 
06/08/2024 16:51:23,Open Position,SOFI/USD,32.40 ,5.000000,0.00 ,"4,093.43 ",167.60 ,2786904812,Stocks,0.00 
06/08/2024 16:51:54,Open Position,INTC/USD,37.60 ,1.881881,0.00 ,"4,093.43 ",130.00 ,2786905006,Stocks,0.00 
07/08/2024 13:30:12,Open Position,TSM/USD,29.99 ,0.185150,0.00 ,"4,093.43 ",100.01 ,2787362940,Stocks,0.00 
09/08/2024 00:54:16,Dividend,BTI/USD,0.75 ,-,0.75 ,"4,094.18 ",100.76 ,2610105431,Stocks,0.00 
12/08/2024 14:40:24,Open Position,SBUX/USD,20.76 ,0.266051,0.00 ,"4,094.18 ",80.00 ,2790363652,Stocks,0.00 
13/08/2024 13:48:21,Position closed,WPC/USD,28.05 ,0.496542,0.05 ,"4,094.23 ",108.05 ,2637404782,Stocks,0.00 
13/08/2024 13:50:11,Open Position,INTC/USD,20.01 ,1.000000,0.00 ,"4,094.23 ",88.04 ,2790786098,Stocks,0.00 
13/08/2024 14:14:29,Open Position,CMG/USD,9.98 ,0.206885,0.00 ,"4,094.23 ",78.06 ,2790869325,CFD,0.00 
13/08/2024 14:24:59,Position closed,CMG/USD,9.75 ,0.206885,(0.23),"4,094.00 ",87.81 ,2790869325,CFD,0.00 
13/08/2024 14:40:11,Open Position,CMG/USD,49.41 ,1.000000,0.00 ,"4,094.00 ",38.40 ,2790903453,Stocks,0.00 
14/08/2024 11:50:23,Open Position,TUI1.DE/EUR,38.37 ,6.111844,0.00 ,"4,094.00 ",0.03 ,2791307823,Stocks,0.00 
15/08/2024 01:23:17,Dividend,O/USD,0.04 ,-,0.04 ,"4,094.04 ",0.07 ,2348193684,Stocks,0.00 
15/08/2024 01:23:17,Dividend,O/USD,0.03 ,-,0.03 ,"4,094.07 ",0.10 ,2385562140,Stocks,0.00 
15/08/2024 01:23:17,Dividend,O/USD,0.03 ,-,0.03 ,"4,094.10 ",0.13 ,2394930836,Stocks,0.00 
15/08/2024 01:23:17,Dividend,O/USD,0.04 ,-,0.04 ,"4,094.14 ",0.17 ,2395830103,Stocks,0.00 
15/08/2024 01:23:17,Dividend,O/USD,0.04 ,-,0.04 ,"4,094.18 ",0.21 ,2396798496,Stocks,0.00 
15/08/2024 01:23:17,Dividend,O/USD,0.03 ,-,0.03 ,"4,094.21 ",0.24 ,2397458892,Stocks,0.00 
15/08/2024 01:23:17,Dividend,O/USD,0.03 ,-,0.03 ,"4,094.24 ",0.27 ,2398791812,Stocks,0.00 
15/08/2024 01:23:17,Dividend,O/USD,0.04 ,-,0.04 ,"4,094.28 ",0.31 ,2441660511,Stocks,0.00 
15/08/2024 01:23:17,Dividend,O/USD,0.04 ,-,0.04 ,"4,094.32 ",0.35 ,2476484188,Stocks,0.00 
15/08/2024 01:23:17,Dividend,O/USD,0.12 ,-,0.12 ,"4,094.44 ",0.47 ,2512654576,Stocks,0.00 
15/08/2024 01:23:17,Dividend,O/USD,0.04 ,-,0.04 ,"4,094.48 ",0.51 ,2522815064,Stocks,0.00 
15/08/2024 01:23:17,Dividend,O/USD,0.07 ,-,0.07 ,"4,094.55 ",0.58 ,2579513275,Stocks,0.00 
15/08/2024 01:23:17,Dividend,O/USD,0.06 ,-,0.06 ,"4,094.61 ",0.64 ,2607765706,Stocks,0.00 
15/08/2024 01:23:17,Dividend,O/USD,0.07 ,-,0.07 ,"4,094.68 ",0.71 ,2610207502,Stocks,0.00 
15/08/2024 01:23:17,Dividend,O/USD,0.05 ,-,0.05 ,"4,094.73 ",0.76 ,2627966783,Stocks,0.00 
15/08/2024 01:23:17,Dividend,O/USD,0.04 ,-,0.04 ,"4,094.77 ",0.80 ,2628618525,Stocks,0.00 
15/08/2024 01:23:17,Dividend,O/USD,0.22 ,-,0.22 ,"4,094.99 ",1.02 ,2637401636,Stocks,0.00 
15/08/2024 02:30:45,Dividend,AAPL/USD,0.06 ,-,0.06 ,"4,095.05 ",1.08 ,2149086741,Stocks,0.00 
15/08/2024 02:30:45,Dividend,AAPL/USD,0.04 ,-,0.04 ,"4,095.09 ",1.12 ,2155709084,Stocks,0.00 
15/08/2024 02:30:45,Dividend,AAPL/USD,0.07 ,-,0.07 ,"4,095.16 ",1.19 ,2187159742,Stocks,0.00 
15/08/2024 02:30:45,Dividend,AAPL/USD,0.04 ,-,0.04 ,"4,095.20 ",1.23 ,2347008762,Stocks,0.00 
15/08/2024 02:30:46,Dividend,AAPL/USD,0.01 ,-,0.01 ,"4,095.21 ",1.24 ,2443110647,Stocks,0.00 
15/08/2024 02:30:46,Dividend,AAPL/USD,0.05 ,-,0.05 ,"4,095.26 ",1.29 ,2648808799,Stocks,0.00 
